<?xml version="1.0" encoding="UTF-8"?>
<!DOCTYPE html PUBLIC "-//W3C//DTD XHTML 1.0 Transitional//EN"
    "http://www.w3.org/TR/xhtml1/DTD/xhtml1-transitional.dtd">
<html xmlns="http://www.w3.org/1999/xhtml" xml:lang="en" lang="en">
 <head>
  <title>
</title>
<meta http-equiv="Content-Type" content="text/html;charset=utf-8" />
  <meta name='ocr-system' content='tesseract 3.04.00' />
  <meta name='ocr-capabilities' content='ocr_page ocr_carea ocr_par ocr_line ocrx_word'/>
</head>
<body>
  <div class='ocr_page' id='page_1' title='image "./novicommentarii12sssrgoog/novicommentarii12sssrgoog_0475.png"; bbox 0 0 4475 5900; ppageno 0'>
   <div class='ocr_carea' id='block_1_1' title="bbox 422 479 1608 615">
    <p class='ocr_par' dir='ltr' id='par_1_1' title="bbox 422 479 1608 615">
     <span class='ocr_line' id='line_1_1' title="bbox 422 479 1608 615; baseline 0.034 -40"><span class='ocrx_word' id='word_1_1' title='bbox 422 479 688 583; x_wconf 71' lang='lat' dir='ltr'>muttum</span> <span class='ocrx_word' id='word_1_2' title='bbox 716 479 1138 615; x_wconf 68' lang='lat' dir='ltr'>waltramus</span> <span class='ocrx_word' id='word_1_3' title='bbox 1258 548 1264 561; x_wconf 93' lang='lat'><strong>·</strong></span> <span class='ocrx_word' id='word_1_4' title='bbox 1403 500 1500 611; x_wconf 62' lang='grc'>’489</span> <span class='ocrx_word' id='word_1_5' title='bbox 1602 582 1608 595; x_wconf 86' lang='lat'><strong>·</strong></span> 
     </span>
    </p>
   </div>
   <div class='ocr_carea' id='block_1_2' title="bbox 170 710 1499 838">
    <p class='ocr_par' dir='ltr' id='par_1_2' title="bbox 170 710 1499 838">
     <span class='ocr_line' id='line_1_2' title="bbox 170 710 1499 838; baseline 0.014 -34"><span class='ocrx_word' id='word_1_6' title='bbox 170 710 315 835; x_wconf 75' lang='lat' dir='ltr'>puncta</span> <span class='ocrx_word' id='word_1_7' title='bbox 344 718 385 807; x_wconf 83' lang='lat' dir='ltr'>rt</span> <span class='ocrx_word' id='word_1_8' title='bbox 418 734 458 805; x_wconf 79' lang='lat' dir='ltr'>et</span> <span class='ocrx_word' id='word_1_9' title='bbox 488 718 510 807; x_wconf 94' lang='lat'>1</span> <span class='ocrx_word' id='word_1_10' title='bbox 540 722 697 812; x_wconf 71' lang='lat' dir='ltr'>omum</span> <span class='ocrx_word' id='word_1_11' title='bbox 724 726 826 812; x_wconf 71' lang='lat' dir='ltr'>una</span> <span class='ocrx_word' id='word_1_12' title='bbox 857 726 968 838; x_wconf 84' lang='lat' dir='ltr'>ut,</span> <span class='ocrx_word' id='word_1_13' title='bbox 1000 747 1041 813; x_wconf 72' lang='lat' dir='ltr'>et</span> <span class='ocrx_word' id='word_1_14' title='bbox 1072 726 1293 817; x_wconf 73' lang='lat' dir='ltr'><strong>formabitur</strong></span> <span class='ocrx_word' id='word_1_15' title='bbox 1322 728 1412 821; x_wconf 74' lang='lat' dir='ltr'>anae</span> <span class='ocrx_word' id='word_1_16' title='bbox 1428 730 1499 823; x_wconf 74' lang='lat' dir='ltr'>aa</span> 
     </span>
    </p>
   </div>
   <div class='ocr_carea' id='block_1_3' title="bbox 59 848 1563 4652">
    <p class='ocr_par' dir='ltr' id='par_1_3' title="bbox 59 848 1563 4652">
     <span class='ocr_line' id='line_1_3' title="bbox 167 848 1504 976; baseline 0.012 -43"><span class='ocrx_word' id='word_1_17' title='bbox 167 849 348 959; x_wconf 79' lang='lat' dir='ltr'>angulum</span> <span class='ocrx_word' id='word_1_18' title='bbox 370 848 420 944; x_wconf 57' lang='lat' dir='ltr'>,tt</span> <span class='ocrx_word' id='word_1_19' title='bbox 436 848 473 933; x_wconf 91' lang='lat' dir='ltr'>K</span> <span class='ocrx_word' id='word_1_20' title='bbox 489 848 543 956; x_wconf 89' lang='lat'>1,</span> <span class='ocrx_word' id='word_1_21' title='bbox 573 852 615 935; x_wconf 92' lang='lat' dir='ltr'>in</span> <span class='ocrx_word' id='word_1_22' title='bbox 646 878 725 965; x_wconf 90' lang='lat' dir='ltr'>quo</span> <span class='ocrx_word' id='word_1_23' title='bbox 753 879 823 965; x_wconf 88' lang='lat' dir='ltr'>per</span> <span class='ocrx_word' id='word_1_24' title='bbox 854 852 1132 942; x_wconf 76' lang='lat' dir='ltr'>obseruationes</span> <span class='ocrx_word' id='word_1_25' title='bbox 1150 921 1162 964; x_wconf 93' lang='lat'>‚</span> <span class='ocrx_word' id='word_1_26' title='bbox 1181 860 1504 976; x_wconf 81' lang='lat' dir='ltr'>dedudlionesque</span> 
     </span>
     <span class='ocr_line' id='line_1_4' title="bbox 167 974 1498 1101; baseline 0.011 -40"><span class='ocrx_word' id='word_1_27' title='bbox 167 974 376 1088; x_wconf 76' lang='lat' dir='ltr'>firperiores</span> <span class='ocrx_word' id='word_1_28' title='bbox 406 978 545 1065; x_wconf 86' lang='lat' dir='ltr'>dantur</span> <span class='ocrx_word' id='word_1_29' title='bbox 574 980 654 1064; x_wconf 90' lang='lat' dir='ltr'>duo</span> <span class='ocrx_word' id='word_1_30' title='bbox 685 983 804 1067; x_wconf 84' lang='lat' dir='ltr'>latera</span> <span class='ocrx_word' id='word_1_31' title='bbox 836 982 930 1070; x_wconf 82' lang='lat' dir='ltr'>llll</span> <span class='ocrx_word' id='word_1_32' title='bbox 961 1006 1002 1071; x_wconf 91' lang='lat' dir='ltr'>et</span> <span class='ocrx_word' id='word_1_33' title='bbox 1032 984 1108 1072; x_wconf 87' lang='lat' dir='ltr'>IK</span> <span class='ocrx_word' id='word_1_34' title='bbox 1138 1012 1231 1075; x_wconf 90' lang='lat' dir='ltr'>cum</span> <span class='ocrx_word' id='word_1_35' title='bbox 1263 990 1404 1101; x_wconf 86' lang='lat' dir='ltr'>angulo</span> <span class='ocrx_word' id='word_1_36' title='bbox 1439 995 1498 1077; x_wconf 68' lang='lat' dir='ltr'>ira</span> 
     </span>
     <span class='ocr_line' id='line_1_5' title="bbox 166 1097 1500 1251; baseline 0.012 -62"><span class='ocrx_word' id='word_1_37' title='bbox 166 1120 344 1218; x_wconf 88' lang='lat' dir='ltr'>tercepto</span> <span class='ocrx_word' id='word_1_38' title='bbox 374 1104 467 1190; x_wconf 84' lang='lat' dir='ltr'>HK</span> <span class='ocrx_word' id='word_1_39' title='bbox 483 1103 519 1190; x_wconf 87' lang='grc' dir='ltr'>Ι.</span> <span class='ocrx_word' id='word_1_40' title='bbox 586 1097 716 1224; x_wconf 78' lang='lat' dir='ltr'>Quare</span> <span class='ocrx_word' id='word_1_41' title='bbox 746 1107 969 1198; x_wconf 78' lang='lat' dir='ltr'>relbluendo</span> <span class='ocrx_word' id='word_1_42' title='bbox 998 1114 1076 1199; x_wconf 91' lang='lat' dir='ltr'>hoc</span> <span class='ocrx_word' id='word_1_43' title='bbox 1110 1116 1341 1251; x_wconf 54' lang='lat' dir='ltr'>tpnngtdum</span> <span class='ocrx_word' id='word_1_44' title='bbox 1391 1119 1500 1205; x_wconf 83' lang='lat' dir='ltr'>dabi·</span> 
     </span>
     <span class='ocr_line' id='line_1_6' title="bbox 164 1232 1499 1359; baseline 0.01 -40"><span class='ocrx_word' id='word_1_45' title='bbox 164 1250 244 1321; x_wconf 88' lang='lat' dir='ltr'>tut.</span> <span class='ocrx_word' id='word_1_46' title='bbox 258 1234 378 1319; x_wconf 88' lang='lat' dir='ltr'>etiam</span> <span class='ocrx_word' id='word_1_47' title='bbox 409 1232 505 1319; x_wconf 83' lang='lat' dir='ltr'>larus</span> <span class='ocrx_word' id='word_1_48' title='bbox 535 1234 648 1346; x_wconf 88' lang='lat' dir='ltr'>HI,</span> <span class='ocrx_word' id='word_1_49' title='bbox 679 1258 806 1327; x_wconf 87' lang='lat' dir='ltr'>motus</span> <span class='ocrx_word' id='word_1_50' title='bbox 835 1238 968 1327; x_wconf 78' lang='lat' dir='ltr'>lunae</span> <span class='ocrx_word' id='word_1_51' title='bbox 998 1267 1020 1328; x_wconf 87' lang='lat' dir='ltr'>a</span> <span class='ocrx_word' id='word_1_52' title='bbox 1048 1237 1142 1359; x_wconf 84' lang='lat' dir='ltr'>Sole</span> <span class='ocrx_word' id='word_1_53' title='bbox 1177 1247 1277 1331; x_wconf 85' lang='lat' dir='ltr'>visus</span> <span class='ocrx_word' id='word_1_54' title='bbox 1316 1264 1499 1359; x_wconf 85' lang='lat' dir='ltr'>tempore</span> 
     </span>
     <span class='ocr_line' id='line_1_7' title="bbox 164 1359 1499 1480; baseline 0.009 -33"><span class='ocrx_word' id='word_1_55' title='bbox 164 1359 264 1447; x_wconf 88' lang='lat' dir='ltr'>inter</span> <span class='ocrx_word' id='word_1_56' title='bbox 294 1360 569 1451; x_wconf 83' lang='lat' dir='ltr'>obseruationes</span> <span class='ocrx_word' id='word_1_57' title='bbox 598 1363 801 1480; x_wconf 83' lang='lat' dir='ltr'>alliumptas</span> <span class='ocrx_word' id='word_1_58' title='bbox 848 1372 1103 1457; x_wconf 79' lang='lat' dir='ltr'>intercedente</span> <span class='ocrx_word' id='word_1_59' title='bbox 1137 1374 1179 1456; x_wconf 93' lang='lat' dir='ltr'>in</span> <span class='ocrx_word' id='word_1_60' title='bbox 1211 1374 1278 1457; x_wconf 85' lang='lat' dir='ltr'>uia</span> <span class='ocrx_word' id='word_1_61' title='bbox 1309 1372 1442 1459; x_wconf 88' lang='lat' dir='ltr'>Lunae</span> <span class='ocrx_word' id='word_1_62' title='bbox 1474 1398 1499 1459; x_wconf 88' lang='lat' dir='ltr'>a</span> 
     </span>
     <span class='ocr_line' id='line_1_8' title="bbox 164 1484 1498 1607; baseline 0.006 -30"><span class='ocrx_word' id='word_1_63' title='bbox 164 1484 258 1577; x_wconf 84' lang='lat' dir='ltr'>sote</span> <span class='ocrx_word' id='word_1_64' title='bbox 288 1486 366 1574; x_wconf 71' lang='lat' dir='ltr'>rifi</span> <span class='ocrx_word' id='word_1_65' title='bbox 397 1487 537 1577; x_wconf 93' lang='lat' dir='ltr'>HlD</span> <span class='ocrx_word' id='word_1_66' title='bbox 565 1490 712 1603; x_wconf 76' lang='lat' dir='ltr'>onus,</span> <span class='ocrx_word' id='word_1_67' title='bbox 743 1513 784 1580; x_wconf 83' lang='lat' dir='ltr'>et</span> <span class='ocrx_word' id='word_1_68' title='bbox 815 1500 971 1607; x_wconf 80' lang='lat' dir='ltr'>angulus</span> <span class='ocrx_word' id='word_1_69' title='bbox 998 1498 1093 1584; x_wconf 74' lang='lat' dir='ltr'>titt</span> <span class='ocrx_word' id='word_1_70' title='bbox 1110 1500 1153 1582; x_wconf 83' lang='lat' dir='ltr'>A</span> <span class='ocrx_word' id='word_1_71' title='bbox 1170 1500 1368 1585; x_wconf 82' lang='lat' dir='ltr'>inclinatio</span> <span class='ocrx_word' id='word_1_72' title='bbox 1401 1502 1498 1587; x_wconf 90' lang='lat' dir='ltr'>eius-</span> 
     </span>
     <span class='ocr_line' id='line_1_9' title="bbox 162 1616 1540 1736; baseline 0.008 -33"><span class='ocrx_word' id='word_1_73' title='bbox 162 1617 255 1703; x_wconf 89' lang='lat' dir='ltr'>dem</span> <span class='ocrx_word' id='word_1_74' title='bbox 284 1616 332 1703; x_wconf 88' lang='lat' dir='ltr'>ad</span> <span class='ocrx_word' id='word_1_75' title='bbox 365 1616 459 1702; x_wconf 86' lang='lat' dir='ltr'>HK</span> <span class='ocrx_word' id='word_1_76' title='bbox 489 1618 677 1729; x_wconf 82' lang='lat' dir='ltr'>politione</span> <span class='ocrx_word' id='word_1_77' title='bbox 708 1625 757 1709; x_wconf 86' lang='lat' dir='ltr'>ad</span> <span class='ocrx_word' id='word_1_78' title='bbox 789 1626 967 1711; x_wconf 90' lang='lat' dir='ltr'>diurnum</span> <span class='ocrx_word' id='word_1_79' title='bbox 997 1622 1099 1710; x_wconf 83' lang='lat' dir='ltr'>Solis</span> <span class='ocrx_word' id='word_1_80' title='bbox 1133 1629 1293 1736; x_wconf 86' lang='lat' dir='ltr'>datam,</span> <span class='ocrx_word' id='word_1_81' title='bbox 1321 1630 1426 1727; x_wconf 85' lang='lat' dir='ltr'>unde</span> <span class='ocrx_word' id='word_1_82' title='bbox 1443 1628 1494 1714; x_wconf 93' lang='lat' dir='ltr'>ad</span> <span class='ocrx_word' id='word_1_83' title='bbox 1536 1672 1540 1681; x_wconf 89' lang='lat'><strong>·</strong></span> 
     </span>
     <span class='ocr_line' id='line_1_10' title="bbox 162 1744 1497 1863; baseline 0.005 -30"><span class='ocrx_word' id='word_1_84' title='bbox 162 1744 286 1857; x_wconf 90' lang='lat' dir='ltr'>ipsum</span> <span class='ocrx_word' id='word_1_85' title='bbox 319 1744 437 1830; x_wconf 87' lang='lat' dir='ltr'>etiam</span> <span class='ocrx_word' id='word_1_86' title='bbox 469 1746 647 1833; x_wconf 80' lang='lat' dir='ltr'>dimotum</span> <span class='ocrx_word' id='word_1_87' title='bbox 695 1750 886 1851; x_wconf 82' lang='lat' dir='ltr'>inclinatio</span> <span class='ocrx_word' id='word_1_88' title='bbox 918 1756 996 1837; x_wconf 85' lang='lat' dir='ltr'>eius</span> <span class='ocrx_word' id='word_1_89' title='bbox 1044 1750 1151 1836; x_wconf 79' lang='lat' dir='ltr'>facile</span> <span class='ocrx_word' id='word_1_90' title='bbox 1199 1752 1497 1863; x_wconf 84' lang='lat' dir='ltr'>deducetur‚li</span> 
     </span>
     <span class='ocr_line' id='line_1_11' title="bbox 159 1872 1563 1988; baseline 0.004 -26"><span class='ocrx_word' id='word_1_91' title='bbox 159 1900 309 1988; x_wconf 88' lang='lat' dir='ltr'>nempe</span> <span class='ocrx_word' id='word_1_92' title='bbox 340 1872 566 1985; x_wconf 80' lang='lat' dir='ltr'>angulorum</span> <span class='ocrx_word' id='word_1_93' title='bbox 596 1874 774 1965; x_wconf 83' lang='lat' dir='ltr'>datomm</span> <span class='ocrx_word' id='word_1_94' title='bbox 820 1880 954 1967; x_wconf 79' lang='lat' dir='ltr'>tttll</span> <span class='ocrx_word' id='word_1_95' title='bbox 1003 1896 1046 1964; x_wconf 90' lang='lat' dir='ltr'>et</span> <span class='ocrx_word' id='word_1_96' title='bbox 1095 1881 1248 1969; x_wconf 79' lang='grc' dir='ltr'>ΗΚΛ</span> <span class='ocrx_word' id='word_1_97' title='bbox 1279 1882 1498 1967; x_wconf 87' lang='lat' dir='ltr'>differentia</span> <span class='ocrx_word' id='word_1_98' title='bbox 1560 1972 1563 1981; x_wconf 69' lang='grc'><strong><em>,</em></strong></span> 
     </span>
     <span class='ocr_line' id='line_1_12' title="bbox 160 1995 1498 2121; baseline 0.003 -30"><span class='ocrx_word' id='word_1_99' title='bbox 160 2003 339 2091; x_wconf 83' lang='lat' dir='ltr'>sumanu.</span> <span class='ocrx_word' id='word_1_100' title='bbox 405 1998 508 2087; x_wconf 88' lang='lat' dir='ltr'>Hinc</span> <span class='ocrx_word' id='word_1_101' title='bbox 539 1995 603 2083; x_wconf 64' lang='lat'>2⁸⁰</span> <span class='ocrx_word' id='word_1_102' title='bbox 641 2006 764 2117; x_wconf 84' lang='lat' dir='ltr'>potest</span> <span class='ocrx_word' id='word_1_103' title='bbox 795 2006 903 2093; x_wconf 88' lang='lat' dir='ltr'>facile</span> <span class='ocrx_word' id='word_1_104' title='bbox 932 2009 1180 2094; x_wconf 86' lang='lat' dir='ltr'>determinari</span> <span class='ocrx_word' id='word_1_105' title='bbox 1211 2031 1370 2121; x_wconf 73' lang='lat' dir='ltr'>ternpus</span> <span class='ocrx_word' id='word_1_106' title='bbox 1395 2008 1498 2096; x_wconf 90' lang='lat' dir='ltr'>initii</span> 
     </span>
     <span class='ocr_line' id='line_1_13' title="bbox 59 2127 1495 2255; baseline 0.001 -36"><span class='ocrx_word' id='word_1_107' title='bbox 59 2242 65 2255; x_wconf 90' lang='lat'><strong>.</strong></span> <span class='ocrx_word' id='word_1_108' title='bbox 159 2152 227 2219; x_wconf 83' lang='lat' dir='ltr'>aut</span> <span class='ocrx_word' id='word_1_109' title='bbox 254 2131 339 2218; x_wconf 83' lang='lat' dir='ltr'>finis</span> <span class='ocrx_word' id='word_1_110' title='bbox 368 2127 551 2242; x_wconf 84' lang='lat' dir='ltr'>eclipseos</span> <span class='ocrx_word' id='word_1_111' title='bbox 580 2132 632 2217; x_wconf 93' lang='lat' dir='ltr'>ob</span> <span class='ocrx_word' id='word_1_112' title='bbox 663 2136 827 2219; x_wconf 88' lang='lat' dir='ltr'>rationes</span> <span class='ocrx_word' id='word_1_113' title='bbox 851 2162 1087 2247; x_wconf 88' lang='lat' dir='ltr'>quascunque</span> <span class='ocrx_word' id='word_1_114' title='bbox 1112 2160 1194 2219; x_wconf 90' lang='lat' dir='ltr'>nou</span> <span class='ocrx_word' id='word_1_115' title='bbox 1223 2138 1495 2245; x_wconf 87' lang='lat' dir='ltr'>obseruatum,</span> 
     </span>
     <span class='ocr_line' id='line_1_14' title="bbox 159 2261 1497 2373; baseline 0.001 -28"><span class='ocrx_word' id='word_1_116' title='bbox 159 2261 332 2373; x_wconf 86' lang='lat' dir='ltr'>itemque</span> <span class='ocrx_word' id='word_1_117' title='bbox 384 2278 538 2371; x_wconf 84' lang='lat' dir='ltr'>ternpus</span> <span class='ocrx_word' id='word_1_118' title='bbox 574 2278 616 2343; x_wconf 86' lang='lat' dir='ltr'>et</span> <span class='ocrx_word' id='word_1_119' title='bbox 643 2264 828 2371; x_wconf 74' lang='lat' dir='ltr'>quantitas</span> <span class='ocrx_word' id='word_1_120' title='bbox 877 2263 1075 2346; x_wconf 87' lang='lat' dir='ltr'>maximae</span> <span class='ocrx_word' id='word_1_121' title='bbox 1127 2261 1432 2347; x_wconf 83' lang='lat' dir='ltr'>obscurationis:</span> <span class='ocrx_word' id='word_1_122' title='bbox 1466 2262 1497 2355; x_wconf 87' lang='lat' dir='ltr'>li</span> 
     </span>
     <span class='ocr_line' id='line_1_15' title="bbox 159 2384 1495 2500; baseline -0.001 -25"><span class='ocrx_word' id='word_1_123' title='bbox 159 2414 307 2500; x_wconf 86' lang='lat' dir='ltr'>nempe</span> <span class='ocrx_word' id='word_1_124' title='bbox 336 2389 431 2471; x_wconf 87' lang='lat' dir='ltr'>duae</span> <span class='ocrx_word' id='word_1_125' title='bbox 462 2386 736 2471; x_wconf 78' lang='lat' dir='ltr'>obscurationes</span> <span class='ocrx_word' id='word_1_126' title='bbox 766 2384 942 2499; x_wconf 79' lang='lat' dir='ltr'>pluralium</span> <span class='ocrx_word' id='word_1_127' title='bbox 974 2386 1265 2499; x_wconf 81' lang='lat' dir='ltr'>phaenomeno·</span> <span class='ocrx_word' id='word_1_128' title='bbox 1293 2390 1495 2473; x_wconf 84' lang='lat' dir='ltr'>inuenien-</span> 
     </span>
     <span class='ocr_line' id='line_1_16' title="bbox 158 2512 1498 2628; baseline 0 -25"><span class='ocrx_word' id='word_1_129' title='bbox 158 2518 215 2603; x_wconf 94' lang='lat' dir='ltr'>do</span> <span class='ocrx_word' id='word_1_130' title='bbox 249 2514 457 2627; x_wconf 81' lang='lat' dir='ltr'>proximae</span> <span class='ocrx_word' id='word_1_131' title='bbox 486 2512 742 2619; x_wconf 71' lang='lat' dir='ltr'>autumantia,</span> <span class='ocrx_word' id='word_1_132' title='bbox 776 2516 824 2601; x_wconf 89' lang='lat' dir='ltr'>ad</span> <span class='ocrx_word' id='word_1_133' title='bbox 856 2537 1059 2627; x_wconf 85' lang='lat' dir='ltr'>canumque</span> <span class='ocrx_word' id='word_1_134' title='bbox 1089 2534 1269 2628; x_wconf 88' lang='lat' dir='ltr'>tempora</span> <span class='ocrx_word' id='word_1_135' title='bbox 1301 2516 1498 2603; x_wconf 81' lang='lat' dir='ltr'>distantiae</span> 
     </span>
     <span class='ocr_line' id='line_1_17' title="bbox 159 2640 1491 2731; baseline 0.001 -2"><span class='ocrx_word' id='word_1_136' title='bbox 159 2660 384 2730; x_wconf 81' lang='lat' dir='ltr'>ceutronum</span> <span class='ocrx_word' id='word_1_137' title='bbox 414 2666 507 2726; x_wconf 93' lang='lat' dir='ltr'>cum</span> <span class='ocrx_word' id='word_1_138' title='bbox 540 2640 784 2726; x_wconf 86' lang='lat' dir='ltr'>inclinatione</span> <span class='ocrx_word' id='word_1_139' title='bbox 824 2644 1032 2729; x_wconf 89' lang='lat' dir='ltr'>earundem</span> <span class='ocrx_word' id='word_1_140' title='bbox 1081 2646 1131 2730; x_wconf 85' lang='lat' dir='ltr'>ad</span> <span class='ocrx_word' id='word_1_141' title='bbox 1163 2642 1202 2727; x_wconf 90' lang='lat' dir='ltr'>se</span> <span class='ocrx_word' id='word_1_142' title='bbox 1229 2642 1395 2729; x_wconf 83' lang='lat' dir='ltr'>inuicem</span> <span class='ocrx_word' id='word_1_143' title='bbox 1428 2646 1491 2731; x_wconf 92' lang='lat' dir='ltr'>in-</span> 
     </span>
     <span class='ocr_line' id='line_1_18' title="bbox 157 2769 1493 2879; baseline 0 -20"><span class='ocrx_word' id='word_1_144' title='bbox 157 2773 393 2879; x_wconf 77' lang='lat' dir='ltr'>uenianuur,</span> <span class='ocrx_word' id='word_1_145' title='bbox 423 2786 464 2853; x_wconf 89' lang='lat' dir='ltr'>et</span> <span class='ocrx_word' id='word_1_146' title='bbox 495 2769 582 2857; x_wconf 91' lang='lat' dir='ltr'>inde</span> <span class='ocrx_word' id='word_1_147' title='bbox 598 2787 744 2855; x_wconf 86' lang='lat' dir='ltr'>morus</span> <span class='ocrx_word' id='word_1_148' title='bbox 775 2771 981 2859; x_wconf 87' lang='lat' dir='ltr'>mobilium</span> <span class='ocrx_word' id='word_1_149' title='bbox 1012 2797 1036 2855; x_wconf 91' lang='lat' dir='ltr'>a</span> <span class='ocrx_word' id='word_1_150' title='bbox 1064 2769 1103 2855; x_wconf 83' lang='lat' dir='ltr'>se</span> <span class='ocrx_word' id='word_1_151' title='bbox 1135 2772 1304 2857; x_wconf 89' lang='lat' dir='ltr'>inuicem</span> <span class='ocrx_word' id='word_1_152' title='bbox 1334 2771 1429 2856; x_wconf 81' lang='lat' dir='ltr'>uisus</span> <span class='ocrx_word' id='word_1_153' title='bbox 1446 2774 1493 2859; x_wconf 85' lang='lat' dir='ltr'>in</span> 
     </span>
     <span class='ocr_line' id='line_1_19' title="bbox 156 2893 1492 3009; baseline -0.001 -21"><span class='ocrx_word' id='word_1_154' title='bbox 156 2903 226 2996; x_wconf 76' lang='lat' dir='ltr'>uia</span> <span class='ocrx_word' id='word_1_155' title='bbox 255 2900 462 2987; x_wconf 86' lang='lat' dir='ltr'>eomodem</span> <span class='ocrx_word' id='word_1_156' title='bbox 494 2893 570 2982; x_wconf 86' lang='lat' dir='ltr'>uisa</span> <span class='ocrx_word' id='word_1_157' title='bbox 599 2914 778 3009; x_wconf 90' lang='lat' dir='ltr'>tempore</span> <span class='ocrx_word' id='word_1_158' title='bbox 809 2902 910 2985; x_wconf 89' lang='lat' dir='ltr'>inter</span> <span class='ocrx_word' id='word_1_159' title='bbox 937 2900 1215 2986; x_wconf 80' lang='lat' dir='ltr'>obscurationes</span> <span class='ocrx_word' id='word_1_160' title='bbox 1253 2900 1492 2987; x_wconf 87' lang='lat' dir='ltr'>interceden-</span> 
     </span>
     <span class='ocr_line' id='line_1_20' title="bbox 156 3025 1491 3136; baseline -0.001 -21"><span class='ocrx_word' id='word_1_161' title='bbox 156 3048 201 3115; x_wconf 88' lang='lat' dir='ltr'>te</span> <span class='ocrx_word' id='word_1_162' title='bbox 230 3027 367 3136; x_wconf 67' lang='lat' dir='ltr'>facim,</span> <span class='ocrx_word' id='word_1_163' title='bbox 398 3051 489 3111; x_wconf 90' lang='lat' dir='ltr'>cum</span> <span class='ocrx_word' id='word_1_164' title='bbox 521 3025 771 3112; x_wconf 89' lang='lat' dir='ltr'>inclinatione</span> <span class='ocrx_word' id='word_1_165' title='bbox 802 3028 973 3114; x_wconf 81' lang='lat' dir='ltr'>eitudem</span> <span class='ocrx_word' id='word_1_166' title='bbox 1012 3028 1060 3112; x_wconf 83' lang='lat' dir='ltr'>ad</span> <span class='ocrx_word' id='word_1_167' title='bbox 1092 3027 1306 3112; x_wconf 88' lang='lat' dir='ltr'>distantiam</span> <span class='ocrx_word' id='word_1_168' title='bbox 1333 3045 1491 3114; x_wconf 88' lang='lat' dir='ltr'>centro-</span> 
     </span>
     <span class='ocr_line' id='line_1_21' title="bbox 156 3153 1497 3269; baseline -0.002 -24"><span class='ocrx_word' id='word_1_169' title='bbox 156 3185 250 3248; x_wconf 85' lang='lat' dir='ltr'>rum</span> <span class='ocrx_word' id='word_1_170' title='bbox 299 3156 574 3269; x_wconf 89' lang='lat' dir='ltr'>phaenomeno</span> <span class='ocrx_word' id='word_1_171' title='bbox 620 3153 789 3266; x_wconf 85' lang='lat' dir='ltr'>quaefito</span> <span class='ocrx_word' id='word_1_172' title='bbox 834 3157 1060 3268; x_wconf 85' lang='lat' dir='ltr'>proximam</span> <span class='ocrx_word' id='word_1_173' title='bbox 1124 3155 1395 3242; x_wconf 81' lang='lat' dir='ltr'>determinetur</span> <span class='ocrx_word' id='word_1_174' title='bbox 1442 3173 1497 3242; x_wconf 83' lang='lat' dir='ltr'>vt</span> 
     </span>
     <span class='ocr_line' id='line_1_22' title="bbox 154 3281 1563 3400; baseline -0.001 -28"><span class='ocrx_word' id='word_1_175' title='bbox 154 3284 301 3400; x_wconf 86' lang='lat' dir='ltr'>supra,</span> <span class='ocrx_word' id='word_1_176' title='bbox 342 3285 582 3395; x_wconf 73' lang='lat' dir='ltr'>mannaque</span> <span class='ocrx_word' id='word_1_177' title='bbox 614 3281 878 3394; x_wconf 88' lang='lat' dir='ltr'>phaenomeni</span> <span class='ocrx_word' id='word_1_178' title='bbox 916 3285 957 3368; x_wconf 90' lang='lat' dir='ltr'>in</span> <span class='ocrx_word' id='word_1_179' title='bbox 988 3283 1090 3367; x_wconf 85' lang='lat' dir='ltr'>linea</span> <span class='ocrx_word' id='word_1_180' title='bbox 1123 3301 1253 3368; x_wconf 81' lang='lat' dir='ltr'>motus</span> <span class='ocrx_word' id='word_1_181' title='bbox 1284 3283 1494 3371; x_wconf 85' lang='lat' dir='ltr'>mobilium</span> <span class='ocrx_word' id='word_1_182' title='bbox 1561 3383 1563 3385; x_wconf 45' lang='grc'><strong>,</strong></span> 
     </span>
     <span class='ocr_line' id='line_1_23' title="bbox 155 3408 1491 3525; baseline -0.002 -25"><span class='ocrx_word' id='word_1_183' title='bbox 155 3440 183 3501; x_wconf 87' lang='lat' dir='ltr'>a</span> <span class='ocrx_word' id='word_1_184' title='bbox 215 3414 251 3498; x_wconf 89' lang='lat' dir='ltr'>se</span> <span class='ocrx_word' id='word_1_185' title='bbox 282 3413 447 3499; x_wconf 89' lang='lat' dir='ltr'>inuicem</span> <span class='ocrx_word' id='word_1_186' title='bbox 477 3413 548 3498; x_wconf 84' lang='lat' dir='ltr'>uili</span> <span class='ocrx_word' id='word_1_187' title='bbox 578 3411 788 3498; x_wconf 83' lang='lat' dir='ltr'>adstantia</span> <span class='ocrx_word' id='word_1_188' title='bbox 803 3429 1022 3497; x_wconf 77' lang='lat' dir='ltr'>matronam</span> <span class='ocrx_word' id='word_1_189' title='bbox 1039 3408 1328 3525; x_wconf 87' lang='lat' dir='ltr'>phaenomeno</span> <span class='ocrx_word' id='word_1_190' title='bbox 1345 3411 1491 3525; x_wconf 80' lang='lat' dir='ltr'>quaest·</span> 
     </span>
     <span class='ocr_line' id='line_1_24' title="bbox 156 3538 1497 3654; baseline -0.004 -24"><span class='ocrx_word' id='word_1_191' title='bbox 156 3562 207 3631; x_wconf 93' lang='lat' dir='ltr'>to</span> <span class='ocrx_word' id='word_1_192' title='bbox 235 3546 415 3654; x_wconf 85' lang='lat' dir='ltr'>proxima</span> <span class='ocrx_word' id='word_1_193' title='bbox 460 3541 549 3628; x_wconf 90' lang='lat' dir='ltr'>inde</span> <span class='ocrx_word' id='word_1_194' title='bbox 585 3538 819 3653; x_wconf 84' lang='lat' dir='ltr'>deducatur;</span> <span class='ocrx_word' id='word_1_195' title='bbox 870 3539 1010 3652; x_wconf 79' lang='lat' dir='ltr'>reliqua</span> <span class='ocrx_word' id='word_1_196' title='bbox 1043 3562 1142 3624; x_wconf 82' lang='lat' dir='ltr'>uero</span> <span class='ocrx_word' id='word_1_197' title='bbox 1189 3541 1330 3625; x_wconf 85' lang='lat' dir='ltr'>eodem</span> <span class='ocrx_word' id='word_1_198' title='bbox 1363 3541 1497 3626; x_wconf 91' lang='lat' dir='ltr'>modo</span> 
     </span>
     <span class='ocr_line' id='line_1_25' title="bbox 155 3663 1492 3786; baseline -0.007 -26"><span class='ocrx_word' id='word_1_199' title='bbox 155 3673 256 3760; x_wconf 81' lang='lat' dir='ltr'>fiant</span> <span class='ocrx_word' id='word_1_200' title='bbox 285 3689 332 3757; x_wconf 83' lang='lat' dir='ltr'>rt</span> <span class='ocrx_word' id='word_1_201' title='bbox 361 3671 403 3756; x_wconf 89' lang='lat' dir='ltr'>in</span> <span class='ocrx_word' id='word_1_202' title='bbox 433 3685 626 3781; x_wconf 89' lang='lat' dir='ltr'>computo</span> <span class='ocrx_word' id='word_1_203' title='bbox 658 3667 855 3780; x_wconf 86' lang='lat' dir='ltr'>eclipfium</span> <span class='ocrx_word' id='word_1_204' title='bbox 883 3665 1052 3786; x_wconf 84' lang='lat' dir='ltr'>Solarim</span> <span class='ocrx_word' id='word_1_205' title='bbox 1100 3665 1208 3750; x_wconf 88' lang='lat' dir='ltr'>iuxta</span> <span class='ocrx_word' id='word_1_206' title='bbox 1254 3663 1492 3751; x_wconf 87' lang='lat' dir='ltr'>methodum</span> 
     </span>
     <span class='ocr_line' id='line_1_26' title="bbox 153 3787 1492 3912; baseline -0.01 -21"><span class='ocrx_word' id='word_1_207' title='bbox 153 3800 316 3912; x_wconf 86' lang='lat' dir='ltr'>Kepleti</span> <span class='ocrx_word' id='word_1_208' title='bbox 343 3799 384 3882; x_wconf 91' lang='lat' dir='ltr'>in</span> <span class='ocrx_word' id='word_1_209' title='bbox 415 3798 552 3885; x_wconf 85' lang='lat' dir='ltr'>iisdem</span> <span class='ocrx_word' id='word_1_210' title='bbox 591 3795 734 3882; x_wconf 86' lang='lat' dir='ltr'>cafibus</span> <span class='ocrx_word' id='word_1_211' title='bbox 780 3795 865 3881; x_wconf 91' lang='lat' dir='ltr'>fieri</span> <span class='ocrx_word' id='word_1_212' title='bbox 903 3796 1050 3882; x_wconf 85' lang='lat' dir='ltr'>allolet.</span> <span class='ocrx_word' id='word_1_213' title='bbox 1116 3793 1265 3912; x_wconf 84' lang='lat' dir='ltr'>Quodli</span> <span class='ocrx_word' id='word_1_214' title='bbox 1299 3787 1370 3901; x_wconf 73' lang='lat'>3¹¹·</span> <span class='ocrx_word' id='word_1_215' title='bbox 1404 3817 1492 3878; x_wconf 88' lang='lat' dir='ltr'>me-</span> 
     </span>
     <span class='ocr_line' id='line_1_27' title="bbox 154 3915 1492 4038; baseline -0.006 -22"><span class='ocrx_word' id='word_1_216' title='bbox 154 3929 323 4016; x_wconf 84' lang='lat' dir='ltr'>ridiebus</span> <span class='ocrx_word' id='word_1_217' title='bbox 353 3915 487 4038; x_wconf 81' lang='lat' dir='ltr'>eclipli</span> <span class='ocrx_word' id='word_1_218' title='bbox 520 3923 709 4037; x_wconf 74' lang='lat' dir='ltr'>spedatae</span> <span class='ocrx_word' id='word_1_219' title='bbox 756 3929 949 4035; x_wconf 84' lang='lat' dir='ltr'>proximis</span> <span class='ocrx_word' id='word_1_220' title='bbox 993 3921 1210 4010; x_wconf 82' lang='lat' dir='ltr'>altitudines</span> <span class='ocrx_word' id='word_1_221' title='bbox 1258 3921 1492 4008; x_wconf 80' lang='lat' dir='ltr'>meridianae</span> 
     </span>
     <span class='ocr_line' id='line_1_28' title="bbox 154 4049 1493 4160; baseline -0.007 -15"><span class='ocrx_word' id='word_1_222' title='bbox 154 4053 263 4146; x_wconf 86' lang='lat' dir='ltr'>Solis</span> <span class='ocrx_word' id='word_1_223' title='bbox 290 4053 566 4160; x_wconf 72' lang='lat' dir='ltr'>obstruantur,</span> <span class='ocrx_word' id='word_1_224' title='bbox 598 4077 650 4139; x_wconf 84' lang='lat' dir='ltr'>ex</span> <span class='ocrx_word' id='word_1_225' title='bbox 679 4051 886 4140; x_wconf 80' lang='lat' dir='ltr'>diti&#39;erentia</span> <span class='ocrx_word' id='word_1_226' title='bbox 903 4075 1050 4138; x_wconf 88' lang='lat' dir='ltr'>-earrun</span> <span class='ocrx_word' id='word_1_227' title='bbox 1081 4069 1122 4136; x_wconf 87' lang='lat' dir='ltr'>et</span> <span class='ocrx_word' id='word_1_228' title='bbox 1153 4049 1404 4137; x_wconf 78' lang='lat' dir='ltr'>meridiatum</span> <span class='ocrx_word' id='word_1_229' title='bbox 1440 4050 1493 4136; x_wconf 65' lang='lat' dir='ltr'>ila</span> 
     </span>
     <span class='ocr_line' id='line_1_29' title="bbox 154 4170 1489 4291; baseline -0.005 -18"><span class='ocrx_word' id='word_1_230' title='bbox 154 4185 288 4273; x_wconf 86' lang='lat' dir='ltr'>lomm</span> <span class='ocrx_word' id='word_1_231' title='bbox 316 4182 627 4269; x_wconf 74' lang='lat' dir='ltr'>determinabitur</span> <span class='ocrx_word' id='word_1_232' title='bbox 648 4181 852 4291; x_wconf 26' lang='lat' dir='ltr'>‚inclinum</span> <span class='ocrx_word' id='word_1_233' title='bbox 881 4182 1006 4267; x_wconf 89' lang='lat' dir='ltr'>diurni</span> <span class='ocrx_word' id='word_1_234' title='bbox 1049 4177 1153 4266; x_wconf 85' lang='lat' dir='ltr'>Solis</span> <span class='ocrx_word' id='word_1_235' title='bbox 1182 4170 1244 4263; x_wconf 88' lang='lat' dir='ltr'>ad&#39;</span> <span class='ocrx_word' id='word_1_236' title='bbox 1262 4177 1489 4290; x_wconf 85' lang='lat' dir='ltr'>parallelum</span> 
     </span>
     <span class='ocr_line' id='line_1_30' title="bbox 154 4303 1488 4425; baseline -0.008 -25"><span class='ocrx_word' id='word_1_237' title='bbox 154 4313 400 4425; x_wconf 68' lang='lat' dir='ltr'>comatoria,</span> <span class='ocrx_word' id='word_1_238' title='bbox 431 4334 549 4423; x_wconf 90' lang='lat' dir='ltr'>qoem</span> <span class='ocrx_word' id='word_1_239' title='bbox 578 4303 660 4396; x_wconf 88' lang='lat' dir='ltr'>sot·</span> <span class='ocrx_word' id='word_1_240' title='bbox 681 4308 739 4392; x_wconf 86' lang='lat' dir='ltr'>in·</span> <span class='ocrx_word' id='word_1_241' title='bbox 756 4308 916 4400; x_wconf 85' lang='lat' dir='ltr'>meridie</span> <span class='ocrx_word' id='word_1_242' title='bbox 949 4308 1077 4423; x_wconf 84' lang='lat' dir='ltr'>eclipli</span> <span class='ocrx_word' id='word_1_243' title='bbox 1109 4308 1299 4420; x_wconf 88' lang='lat' dir='ltr'>proximo</span> <span class='ocrx_word' id='word_1_244' title='bbox 1332 4309 1488 4410; x_wconf 84' lang='lat' dir='ltr'>tenuit,</span> 
     </span>
     <span class='ocr_line' id='line_1_31' title="bbox 151 4431 1493 4652; baseline 0 -125"><span class='ocrx_word' id='word_1_245' title='bbox 151 4439 347 4562; x_wconf 63' lang='lat' dir='ltr'>¹[nuruique</span> <span class='ocrx_word' id='word_1_246' title='bbox 373 4440 424 4531; x_wconf 88' lang='lat' dir='ltr'>ad</span> <span class='ocrx_word' id='word_1_247' title='bbox 451 4440 578 4560; x_wconf 72' lang='lat' dir='ltr'>ipram</span> <span class='ocrx_word' id='word_1_248' title='bbox 606 4434 728 4561; x_wconf 82' lang='lat' dir='ltr'>eo‘am</span> <span class='ocrx_word' id='word_1_249' title='bbox 753 4454 1043 4558; x_wconf 53' lang='lat' dir='ltr'>amantem,</span> <span class='ocrx_word' id='word_1_250' title='bbox 1073 4454 1120 4528; x_wconf 79' lang='lat' dir='ltr'>et</span> <span class='ocrx_word' id='word_1_251' title='bbox 1146 4453 1281 4530; x_wconf 82' lang='lat' dir='ltr'>moun</span> <span class='ocrx_word' id='word_1_252' title='bbox 1309 4431 1493 4652; x_wconf 51' lang='lat' dir='ltr'><em>w</em></span> 
     </span>
    </p>
   </div>
   <div class='ocr_carea' id='block_1_4' title="bbox 0 0 2242 5896">
    <p class='ocr_par' dir='ltr' id='par_1_4' title="bbox 0 0 2242 5896">
     <span class='ocr_line' id='line_1_32' title="bbox 0 0 2242 5896; baseline 0 0"><span class='ocrx_word' id='word_1_253' title='bbox 0 0 2242 5896; x_wconf 95' lang='lat' dir='ltr'> </span> 
     </span>
    </p>
   </div>
  </div>
 </body>
</html>
