4475 5900
157 467 664 590 numennumen.
680 469 765 574 ΕΤ
780 471 966 578 ΜΤ.
995 470 1357 578 DESCRIPTIO.
1393 509 1483 592 2¹³

158 711 263 800 idem
293 712 442 826 pondre
474 711 516 798 in
544 713 616 802 fitu
644 711 878 818 horizontali
904 711 1078 803 instanter
1095 706 1118 822 ‚'
1144 713 1184 800 id
1212 719 1316 828 quod
1355 718 1486 830 appel·

155 837 268 926 lanta
299 842 363 926 die
394 839 670 956 retugium
717 843 950 957 abwitgen3
997 842 1112 949 limili
1143 843 1309 948 artificio
1338 847 1380 932 in
1415 869 1486 932 no·

155 967 233 1054 stro
262 969 510 1055 instrumento
540 967 644 1057 effici
675 970 832 1082 potest,
861 992 907 1056 vt
938 971 1058 1056 index
1088 972 1188 1056 eius·
1202 973 1288 1058 data
1322 973 1485 1087 qualibet

154 1093 368 1182 differentia
398 1096 574 1207 ponderis
605 1098 738 1185 danim
768 1099 964 1208 quodlibet
995 1098 1158 1212 spatium
1192 1081 1426 1213 peramat,
1458 1101 1487 1189 li

152 1218 295 1308 scilicet
342 1209 583 1335 segmentum
622 1223 720 1312 DL
759 1224 889 1311 fictilia
918 1223 1160 1342 tonchoidls
1190 1251 1276 1338 pars
1305 1230 1361 1318 srt.
1400 1227 1486 1316 Hu-

152 1351 211 1440 ius
238 1349 474 1436 constructio
503 1376 597 1438 uem
628 1375 707 1436 non
738 1352 955 1440 theoretice
987 1351 1050 1438 sed
1081 1353 1249 1464 practice
1305 1359 1484 1474 tentando

119 1476 355 1564 'obtineam
419 1475 533 1564 Licet
562 1482 659 1565 adeo
687 1478 825 1565 sctum
857 1478 1067 1566 latimdinie
1092 1505 1170 1592 pro
1197 1482 1315 1569 lubitu
1347 1485 1489 1598 ampli·

150 1601 296 1712 ficare,
328 1607 369 1690 in
400 1623 586 1718 quantum
619 1605 761 1695 scilicet
791 1605 918 1694 mom
957 1606 1127 1718 capsulae
1177 1614 1274 1695 circa
1320 1615 1412 1697 axin
1431 1613 1488 1728 ⁴,r't

147 1730 230 1822 hoc
259 1732 449 1818 concedit.

267 1850 377 1964 6.·7.
411 1860 560 1948 neunt
606 1886 705 1961 vcro
740 1861 925 1973 nolin,
975 1860 1109 1976 qaribua
1147 1860 1242 1988 naec
1288 1861 1415 1950 nimo
1443 1865 1488 1953 in

146 2005 304 2078 tantum
340 1991 524 2076 imminui
555 1993 702 2103 potest,
733 2009 781 2076 rt
811 1993 855 2074 in
886 1989 1141 2076 instrumento
1169 1991 1301 2076 nostro
1331 1993 1486 2106 incom-

143 2117 278 2208 modo
315 2119 391 2202 elie
418 2141 594 2230 nequeat„
654 2116 886 2228 Adligantm
915 2115 1059 2202 scilicet
1088 2118 1137 2202 ad
1175 2140 1378 2233 mamque
1416 2121 1488 2208 bn·

144 2249 207 2337 fin
248 2243 416 2359 capsulae
463 2243 500 2331 C
547 2247 642 2334 dane
687 2247 873 2332 auriculae
920 2243 1003 2353 M‚·
1028 2241 1102 2352 N,
1151 2243 1238 2360 Fig.
1275 2271 1318 2330 2.
1367 2272 1487 2355 qnan-

144 2377 293 2461 tumuis
314 2373 464 2486 longae.
525 2373 574 2462 In
604 2375 744 2460 harum
772 2375 1034 2459 extremitates
1062 2367 1272 2459 inserantur
1298 2394 1402 2462 axes'.
1424 2401 1489 2462 ra·

142 2505 305 2590 diorum
371 2527 401 2588 ο
445 2517 487 2585 et
550 2527 612 2613 p,
678 2502 722 2586 in
778 2507 898 2591 altera
953 2515 1063 2614 parte
1117 2521 1223 2586 arcus
1288 2503 1488 2589 mulares

141 2655 290 2746 q,r,
357 2644 487 2740 s,t‚
536 2632 761 2742 gerentium.
828 2626 1105 2714 Hiradiiita
1143 2628 1237 2714 lint
1282 2629 1484 2742 dispofiti,
1676 2701 1685 2715 ,

136 2777 194 2845 rt
238 2759 286 2842 iis
322 2756 577 2844 mediantibus
612 2757 806 2870 integrum
850 2759 1001 2870 pondre
1048 2751 1254 2866 capsulae,
1305 2757 1485 2868 camna,
1824 2759 1827 2774 '

138 2884 298 2975 brachii
334 2903 376 2971 et
421 2883 602 2995 ponderis
647 2886 688 2970 ll
737 2887 804 2969 axi
854 2888 895 2970 A
943 2879 1171 2968 incumbat·
1224 2901 1263 2966 ct
1313 2888 1385 2969 erit
1427 2905 1481 2971 ex

134 3012 350 3131 principiis
380 3010 617 3097 melanas
645 3009 772 3097 namo
808 3010 851 3092 rn
898 3008 1085 3122 pmcne
1135 2946 1383 3120 alpinam
1430 3010 1481 3113 aa

134 3144 335 3257 priorem.
374 3156 421 3224 ut
461 3164 483 3221 1
518 3140 570 3222 ad
616 3139 766 3225 radium
803 3160 834 3221 a
848 3159 886 3253 ‚o
923 3137 1085 3223 circiter.
1167 3134 1297 3229 Auria
1353 3138 1482 3253 itaqua

136 3268 388 3381 longitudine
418 3266 645 3373 radiorum,
674 3262 802 3349 nitrio
832 3262 876 3345 in
912 3262 1052 3347 eadem
1088 3259 1238 3345 ratione
1278 3262 1482 3352 imminui·

136 3417 218 3485 tarr.
296 3394 420 3481 Potest
456 3394 577 3477 etiam
615 3392 735 3504 aliqua
784 3388 970 3475 fficiionis
1016 3388 1245 3476 imminutio
1282 3391 1480 3504 obtineri,

132 3526 170 3617 fi
226 3522 316 3609 axia
346 3520 516 3635 capsulae
547 3518 661 3605 instar
691 3518 772 3603 axia
818 3516 971 3602 merae
1009 3516 1182 3627 malgario
1228 3521 1480 3606 acuminatur.

282 3650 324 3753 ᾗ.
348 3661 387 3737 8.
420 3646 536 3767 Qrod
566 3648 596 3733 fi
624 3644 990 3756 sriecioinpraxiin
1013 3662 1167 3729 tantum
1197 3646 1377 3731 imminui
1394 3644 1482 3757 pol-

132 3782 215 3891 set,
236 3776 390 3865 uthaec
406 3778 540 3864 statera
555 3793 705 3888 partem
723 3782 843 3877 miano
857 3772 1036 3886 ponium
1054 3770 1210 3881 appensi
1226 3772 1390 3857 indicare
1405 3798 1476 3861 m·

132 3910 242 3999 teret
258 3974 272 4015 ,
290 3907 437 3993 nullum
458 3905 560 3989 foret
576 3904 755 4010 dubium,
772 3904 852 3987 eiua
866 3926 946 4017 ope
961 3902 1079 3987 ctiam
1097 3898 1290 3983 actionem
1309 3897 1419 3985 lunae
1436 3903 1479 3988 in

133 4046 316 4148 corpora
345 4033 525 4121 terrestria
540 4031 719 4144 cognosti
733 4026 856 4140 pone.
922 4030 1064 4115 Fateor
1080 4052 1199 4135 vero,
1230 4052 1299 4113 me
1331 4026 1477 4141 prorsus

132 4164 191 4252 de
225 4162 304 4249 hac
326 4188 384 4249 re
413 4162 620 4273 desperare
685 4158 781 4275 Quia
808 4157 916 4241 anim
946 4160 1118 4243 crederet
1150 4158 1196 4241 ad
1215 4158 1365 4268 pondus
1391 4180 1482 4259 500

131 4292 311 4381 libatum
341 4288 469 4375 vlam·
496 4290 670 4377 (lateram
701 4283 894 4374 cenem
924 4284 992 4374 vel
1022 4284 1215 4373 excefl'um
1249 4290 1357 4373 unius
1394 4312 1483 4397 gru·-

127 4422 177 4514 ni
209 4415 532 4539 indicatepoffo·

716 4542 764 4637 D
793 4542 880 4650 da
1235 4479 1240 4492 Ι
1309 4536 1482 4631 REMI-
