4475 5900
751 462 808 534 ro
839 433 921 536 DE
951 423 1336 532 REDVCHONE
1367 427 1684 531 LINEARVM
1715 434 2031 534 CVRVARVM

748 673 908 764 culidem
939 669 1097 788 plagam
1128 669 1271 784 ubique
1310 667 1395 754 liunt
1432 691 1648 780 concanae,
1669 670 1794 782 polet
1827 669 1894 754 hic
1915 691 2074 756 tanmm

747 803 978 912 considero,
1009 803 1163 888 radone
1211 799 1424 887 wuedinis
1470 801 1518 884 ud
1565 799 1751 910 sequentia
1800 825 1942 910 genera
1977 801 2073 885 rese

748 949 894 1020 conum
968 929 1146 1019 Primum
1215 954 1335 1042 genus
1372 952 1477 1014 arcus
1532 945 1683 1013 tnnnnn
1721 929 1918 1014 circulares
1957 954 2075 1013 com-

749 1059 960 1176 plectitur,
992 1063 1057 1176 qui
1087 1061 1232 1174 ubique
1263 1058 1432 1144 eaodem
1468 1075 1704 1142 cmuammm
1744 1073 1906 1166 tenent,
1935 1056 2073 1170 hiarpe

748 1190 880 1304 regula
910 1191 998 1278 data
1028 1191 1169 1278 exacte
1198 1185 1387 1274 satisfacit.
1455 1185 1524 1274 Ad
1551 1185 1750 1272 secrrndum
1780 1210 1900 1297 genus
1928 1209 1994 1272 ens
2014 1212 2076 1272 re-

747 1315 833 1402 sero
865 1343 1026 1422 cunras,
1058 1343 1221 1431 quanrm
1252 1319 1422 1404 cnrucdo
1452 1316 1499 1402 ab
1529 1315 1571 1417 Α
1599 1314 1648 1398 ad
1684 1313 1734 1400 M
1781 1315 1971 1400 continuo
2007 1315 2079 1403 vol

752 1441 881 1530 crescit
912 1445 975 1531 rel
1006 1446 1216 1555 decrestit,
1245 1471 1326 1559 quo
1355 1443 1439 1532 casu
1467 1443 1649 1532 dimensio
1677 1446 1841 1528 inuenta
1863 1445 1938 1527 vix
1963 1445 2081 1530 hli-

752 1561 882 1658 biliter
895 1595 919 1656 a
934 1573 1096 1660 veritate
1116 1578 1293 1663 recedere
1323 1575 1484 1688 potest,
1510 1573 1536 1659 li
1565 1573 1672 1658 enim
1697 1573 1870 1656 cutuedo
1892 1575 2077 1685 aethi-

752 1695 836 1786 liter
866 1701 931 1792 uel
961 1701 1094 1790 crescit
1123 1704 1191 1790 uel
1221 1705 1397 1802 decrescit
1411 1771 1426 1816 ,
1440 1706 1541 1816 quod
1570 1702 1615 1786 in
1642 1723 1759 1784 curua
1781 1724 1834 1784 ex
1849 1703 2081 1787 conlatione

754 1827 884 1910 circuli
915 1847 1005 1912 nata
1034 1829 1105 1916 vsu
1134 1833 1273 1942 uenit,
1303 1833 1469 1922 sonnula
1505 1824 1758 1946 {usp-kq)
1790 1829 1932 1917 exacte
1971 1831 2079 1916 one

755 1951 873 2038 facit:
907 1974 948 2040 et
979 1955 1048 2046 nisi
1077 1961 1235 2072 angulus
1260 1959 1306 2047 N
1335 1965 1382 2050 fit
1418 1961 1507 2050 satia
1543 1983 1727 2069 maguae,
1760 1959 1977 2052 cumedinia·
2014 1961 2078 2044 in·

754 2099 950 2168 crementa
988 2079 1056 2200 tel
1093 2089 1340 2178 decrementa
1377 2093 1429 2180 ab
1465 2087 1716 2202 aequabilitate
1746 2083 1818 2168 vix
1853 2083 2078 2174 ensuite«

753 2204 937 2294 discedere
966 2207 1129 2322 possunt.
1189 2217 1372 2306 'senium
1404 2242 1523 2333 genos
1558 2211 1846 2328 comprehcndit
1883 2239 1950 2298 eas
1987 2241 2080 2300 cor·

755 2334 990 2452 casaur,
1029 2366 1188 2455 quarum
1239 2347 1409 2434 eurardo
1455 2343 1653 2433 abAad
1700 2343 1886 2455 pandum
1918 2342 2075 2456 alirprod

754 2463 927 2554 medium
958 2467 999 2554 0
1033 2471 1131 2558 inter
1161 2477 1203 2562 A
1235 2494 1275 2561 et
1306 2475 1357 2564 M
1390 2471 1552 2585 crescit,
1579 2474 1665 2560 inde
1703 2496 1801 2558 vero
1839 2471 1888 2556 ad
1928 2471 1981 2558 M
2011 2499 2077 2558 rs·

752 2606 828 2700 'que
859 2585 998 2680 'iterum
1026 2597 1240 2710 decrescit,
1270 2625 1351 2715 qno
1379 2601 1467 2690 casu
1497 2628 1609 2690 curua
1640 2603 1680 2686 in
1702 2600 1743 2687 0
1764 2601 1926 2712 gibbum
1956 2601 2075 2686 habe·

754 2703 813 2798 bit
831 2713 966 2844 ,unde
997 2735 1085 2811 carn
1116 2721 1335 2838 longiorem
1366 2728 1440 2818 ell'e
1470 2749 1660 2846 oportet,
1687 2755 1799 2841 quarn
1817 2729 1981 2814 formula
1997 2754 2074 2812 no·

751 2841 827 2929 stra
856 2845 1010 2932 indicat.
1075 2849 1228 2972 Quarto
1254 2873 1390 2942 contra
1416 2861 1548 2971 ,generi
1580 2857 1863 2946 adnumeramus
1890 2882 1956 2940 ens
1986 2883 2075 2941 cut·

750 2984 818 3063 llus
850 2966 979 3088 AM,
1002 2994 1178 3101 ,qurum
1215 2980 1385 3073 mnodo
1413 2987 1465 3073 ‘ab
1498 2996 1535 3076 A
1567 2988 1614 3077 ad
1643 2984 1684 3072 Ο
1715 2983 1919 3093 decrescit,
1948 2986 1998 3069 al>
2029 2985 2072 3070 Ο

748 3121 847 3187 nero
895 3102 1024 3229 adili
1071 3102 1210 3231 'iterum
1252 3104 1414 3221 crescit,
1443 3108 1501 3199 ita
1527 3135 1576 3204 rt
1606 3112 1648 3201 in
1676 3113 1718 3198 0
1748 3112 1943 3198 habinrrae
1999 3114 2076 3199 fint

748 3228 935 3355 quandam
975 3225 1267 3359 depteffionem,
1325 3230 1563 3331 Huiusmodi
1592 3265 1686 3357 ergo
1702 3242 1884 3330 locatum
1908 3243 2072 3353 longina

748 3354 803 3441 do
835 3357 967 3485 minor
984 3360 1067 3487 erit
1082 3416 1098 3471 ·,
1126 3380 1246 3479 quarn
1285 3362 1416 3479 'regula
1451 3364 1646 3485 declarat,
1686 3373 1867 3485 quoniam
1903 3368 2072 3465 circaO

747 3484 916 3613 propius,
946 3490 996 3579 'ad
1036 3487 1172 3580 lineam
1195 3486 1345 3581 unam
1378 3500 1580 3587 “accedunt
1645 3502 1789 3619 Qrodsi
1826 3524 1922 3611 ergo
1961 3524 2072 3585 curua

745 3614 794 3703 ad
836 3614 995 3705 'tertium
1038 3612 1102 3707 vel
1142 3639 1322 3735 quartum
1358 3649 1477 3741 ‘genus
1514 3629 1708 3743 pertinens
1745 3633 1786 3714 in
1824 3628 1865 3713 Ο
1902 3626 2071 3737 stcetur,

742 3760 860 3853 'atque
892 3762 977 3831 vnn
1006 3742 1141 3859 portio
1172 3746 1260 3841 Α”Ο
1299 3768 1352 3840 e‘t·
1380 3756 1478 3847 ΜΟ
1515 3763 1598 3847 inm
1628 3754 1679 3848 ad
1717 3781 1833 3871 genus
1868 3754 2070 3843 secundum

745 3870 938 3959 reserenda
971 3898 1051 3989 ope
1081 3872 1234 3991 'regulae
1262 3878 1423 3971 'traditae
1442 3883 1711 3997 mensorem,
1742 3912 1849 3973 error
1867 3887 2073 3991 necessario

745 3992 815 4081 fiet
845 4002 1055 4113 minimus,
1089 4032 1180 4095 cum
1209 4028 1293 4096 ‘non
1324 4012 1442 4098 solum
1469 4012 1598 4127 'regula
1628 4017 1678 4103 ad
1715 4010 1784 4101 has
1800 4034 1927 4131 partes
1951 4014 2072 4125 magis

746 4119 794 4211 stt
827 4134 1156 4254 accommodata,
1200 4135 1265 4229 sed
1291 4142 1413 4233 etiarn
1449 4144 1667 4263 amplitudo
1701 4144 1859 4233 istarum
1896 4146 2079 4259 parcan
2188 4190 2190 4220 .

743 4250 880 4343 minor
910 4258 1056 4349 curun

1941 4520 2069 4621 Scho-
