4475 5900
763 470 867 568 μό
1115 461 1200 551 DE
1228 453 1441 552 omullo
1472 451 1729 578 ninum&
1828 433 1831 442 ’

766 709 902 778 nerato
931 684 1073 800 sangtuis
1102 689 1258 775 silentis
1288 687 1399 772 fontis
1430 689 1541 774 instat
1575 688 1615 770 in
1644 682 1763 773 altum
1802 680 2073 794 spargebam,

757 845 885 930 -quam
913 819 978 902 diu
1006 835 1121 929 caput
1149 816 1214 902 sub
1239 817 1340 926 aquis
1368 817 1569 900 occultaret
1598 812 1741 921 unguis
1768 835 1849 896 noo
1879 809 2075 928 efflmbur,

768 971 882 1056 quam
913 948 1083 1056 primum
1113 967 1208 1029 uero
1239 945 1340 1029 elato
1371 945 1495 1052 capite
1533 941 1720 1052 spimbat,
1766 939 1907 1048 sanguis
1959 940 2076 1026 denuo

768 1072 985 1184 prosilibat,
1018 1073 1073 1156 ob
1105 1071 1145 1156 id
1176 1072 1277 1182 quod
1307 1071 1478 1180 primum
1509 1070 1710 1179 pulmones
1747 1067 1792 1150 in
1821 1063 1938 1151 dorso
1959 1067 2074 1154 iaceo

769 1217 829 1282 tut
858 1198 1174 1305 vulnerarentur,
1204 1199 1269 1311 qui
1302 1199 1445 1308 quoties
1474 1200 1563 1280 a'e're
1593 1195 1718 1279 mutuo
1735 1192 2007 1304 implerentur,
2021 1221 2076 1282 to·

769 1325 839 1408 bur
867 1325 1051 1436 linguinis
1079 1324 1298 1436 profilientis
1328 1343 1528 1434 augerent,
1559 1345 1676 1433 equo
1704 1321 1985 1431 phoenomeno
2014 1326 2076 1409 uix

770 1475 850 1534 non
883 1451 1154 1537 concludebnn
1186 1449 1365 1536 circuunt
1399 1448 1580 1560 sanguinis
1608 1453 1648 1534 in
1679 1447 1757 1534 hoc
1786 1449 1943 1534 animali
1971 1453 2076 1534 utin

770 1575 898 1688 phoca
928 1577 1071 1689 duplici
1101 1575 1247 1662 ratione
1288 1576 1458 1682 absolui,
1492 1578 1533 1661 in
1562 1569 1682 1661 libem
1714 1583 1804 1662 abre
1832 1577 2074 1689 perprimo

772 1727 869 1813 nes,
900 1703 966 1787 sub
982 1707 1086 1816 aquis
1102 1727 1198 1788 uero
1230 1729 1299 1815 per
1332 1702 1502 1788 sommen
1531 1703 1642 1790 ouele
1672 1721 1712 1788 et
1742 1701 1901 1790 dudum
1932 1707 2077 1790 artorio·

770 1830 886 1939 sum,
917 1831 1007 1914 licet
1037 1830 1157 1916 ambo
1187 1854 1269 1915 non
1300 1830 1537 1916 inuenerim:
1567 1831 1671 1942 quod
1701 1854 1794 1918 ueto
1829 1831 1943 1916 limul
1973 1831 2078 1944 respi-

772 1975 859 2040 rent
890 1957 1000 2042 aliter
1028 1982 1075 2042 nc
1107 1939 1223 2067 pistos
1250 1957 1409 2069 propter
1454 1955 1746 2070 degutitionem
1792 1957 1974 2045 ciborum
2004 1961 2079 2045 bli-

770 2083 910 2166 domm
942 2085 1212 2195 potiusquam
1242 2100 1403 2196 propter
1435 2084 1729 2172 -ciruularionem
1777 2090 2077 2198 pmmoumnrn

771 2209 997 2327 contbtgere
1019 2210 1193 2296 arbitror.
1254 2243 1256 2250 ¹

891 2335 1050 2422 Facilius
1078 2353 1207 2422 autem
1237 2337 1434 2448 capiuntur
1462 2339 1587 2426 nunu
1616 2359 1657 2426 et
1686 2343 1933 2454 praegrandia·
1943 2347 2078 2430 noima·

772 2461 857 2572 liu,
886 2480 1004 2575 quum
1031 2463 1171 2571 uituli,
1200 2482 1401 2576 propterea
1425 2467 1529 2576 quod
1561 2467 1671 2554 uituli
1687 2469 1800 2578 longe
1820 2473 2078 2582 imperuosroti

772 2608 887 2676 motu
903 2607 1129 2698 mouentur,
1159 2605 1200 2674 et
1228 2589 1322 2676 licet
1352 2613 1470 2676 uncus
1484 2594 1633 2704 integer
1649 2613 1824 2706 moueat,
1839 2615 1926 2685 cute
1957 2617 2077 2686 tameo

774 2723 886 2828 rupta
913 2715 1035 2802 libere
1065 2715 1253 2824 eludunt,
1280 2719 1384 2830 quod
1415 2743 1493 2806 non
1521 2718 1638 2806 semel
1673 2740 1920 2812 attentatum.
2062 2759 2065 2766 ’

887 2843 1036 2963 Quodsi
1067 2864 1163 2928 uero
1191 2844 1335 2940 animal
1358 2847 1553 2959 quoddam
1586 2871 1689 2934 unco
1730 2871 1888 2965 captum
1938 2855 2079 2940 moueri

773 2968 1018 3083 imperunfius
1034 2974 1189 3088 incipit,
1205 2968 1330 3059 uicina
1346 2973 1466 3061 ultim
1500 2978 1541 3059 in
1556 3000 1672 3089 grege
1698 2994 1743 3061 er
1772 2982 1979 3095 propinqui
1996 3008 2080 3068 mo·

772 3115 941 3204 ventur,
968 3119 1010 3183 et
1036 3101 1087 3184 ad
1106 3100 1299 3187 ‘auxilium
1327 3100 1525 3189 ferendtun
1554 3104 1707 3213 captiuo
1742 3105 1955 3195 belnum.
2002 3111 2082 3226 Qui

772 3242 935 3331 propter
962 3223 1034 3303 alia
1062 3226 1177 3307 dorso
1203 3227 1370 3327 cymbae
1395 3230 1628 3315 numsronun
1645 3230 1873 3345 molinum,
1904 3236 1979 3321 alia
2007 3238 2080 3325 uni

773 3344 1427 3461 incumbunteuudemquerumpere
1440 3351 1702 3470 dugunnum
1718 3360 1932 3447 vibratione
1948 3367 2082 3451 caudae

772 3490 914 3553 vocum
945 3470 1168 3589 euulnetati
1196 3474 1308 3561 dorso
1336 3500 1521 3568 emouere
1551 3484 1781 3594 allaborant,
1809 3492 1914 3599 quod
1942 3492 2082 3602 aliquot

772 3596 923 3683 vitibus
952 3621 1033 3683 nun
1062 3597 1258 3688 inbbciter
1289 3622 1489 3695 tentamur.
1552 3608 1849 3699 Curiollffimum
1880 3618 2023 3729 ingenii
2046 3638 2082 3704 et

773 3726 917 3811 amoris
963 3726 1170 3851 coniugalis
1215 3752 1481 3845 argumentum
1527 3739 1611 3844 eli,
1645 3758 1688 3825 vt
1715 3740 1894 3829 masculus
1928 3767 2082 3856 capum

770 3874 817 3937 et
850 3874 955 3937 unco
985 3856 1143 3941 trudam
1193 3857 1441 3969 soemellam,
1471 3865 1667 3975 posterum
1699 3867 1959 3957 liberationem
2009 3876 2084 3959 eim

769 3981 955 4065 omnibus
986 3980 1130 4105 uiribus
1156 3978 1216 4069 sed
1246 3985 1375 4071 frustra
1407 3990 1602 4099 tentallet,
1635 3994 1835 4105 multisque
1869 3998 2083 4085 verberibus

773 4124 982 4216 propterea
1010 4134 1035 4193 a
1063 4110 1175 4196 nubis
1204 4110 1360 4201 affeetu
1388 4113 1542 4225 fuisset,
1572 4119 1677 4205 nihili
1707 4138 1835 4205 tamen
1882 4126 2009 4212 minus
2036 4127 2082 4212 ad

777 4228 865 4314 litus
896 4256 1010 4344 usque
1041 4234 1320 4347 probqueretur
1348 4258 1390 4325 et
1416 4246 1560 4355 aliqum
1589 4246 1732 4333 vicibus
1758 4246 1947 4360 insperato
1981 4254 2082 4343 velu-

778 4352 973 4467 nugua
1015 4364 1228 4455 munau
1260 4366 1365 4453 uum
1414 4370 1755 4462 morimeam
1800 4398 2082 4596 apuam
