4475 5900
770 493 868 592 ees
965 464 996 547 λ
1118 432 1752 579 nnnrsmsraarrnrs.
1828 414 1833 417 ⁸

676 790 684 805 .
721 685 731 697 ⁶
761 710 861 800 'anal
887 732 1020 802 autem
1052 712 1290 805 minoratum
1321 719 1472 831 sagittae
1500 716 1614 803 instar
1643 706 1880 803 relocissime
1910 708 2037 829 sugit,
2057 746 2099 810 at

771 864 852 927 ana
882 846 1068 952 cymbam
1100 872 1191 933 cum
1223 848 1439 935 hominibus
1469 849 1593 933 secum
1612 846 1731 957 rapit,
1760 846 1886 930 donec
1918 847 2053 934 laffirm
2067 870 2116 989 εει

776 996 800 1056 a
830 970 1008 1082 sanguine
1037 971 1264 1061 exhaustum
1289 975 1479 1062 subfistat:
1510 1001 1624 1085 quam
1642 976 1812 1085 primum
1830 974 1984 1061 subfistit
2010 980 2098 1067 iliud

759 1096 867 1181 ‚loro
895 1102 946 1185 ad
977 1101 1015 1184 se
1049 1101 1233 1212 trahunt,
1264 1101 1374 1189 hastis
1405 1102 1657 1215 transfigunt,
1687 1119 1729 1225 et
1744 1104 1773 1189 u
1788 1106 1975 1211 cymbam
1994 1133 2096 1224 erret·

673 1217 675 1224 '
773 1241 859 1309 rere
891 1226 1018 1335 velit,
1050 1226 1235 1315 stcuribus
1271 1256 1317 1316 ac
1356 1230 1475 1317 clauis
1520 1230 1698 1344 pinnatos
1733 1235 1939 1318 anteriores
1984 1238 2097 1349 pedet

777 1368 819 1435 et
846 1373 961 1467 capnt
988 1358 1258 1465 contundunt,
1289 1376 1487 1446 mortuum
1519 1363 1559 1445 in
1591 1361 1776 1469 cymbam
1805 1364 1958 1475 'ponunt
1975 1366 2098 1452 erdo·

772 1504 889 1566 mum
924 1500 1144 1595 properant.
1212 1485 1450 1573 Interficiunt
1481 1505 1608 1575 autem
1640 1486 1765 1575 saltim
1797 1490 1991 1579 nemetes
2016 1518 2098 1580 vere

734 1608 737 1612 ’
772 1629 1024 1719 praegnantes
1053 1627 1093 1695 et
1122 1614 1299 1699 nondum
1330 1615 1495 1715 adultos
1542 1642 1698 1721 mares,
1746 1616 1846 1705 stenes
1892 1640 2025 1707 autem
2061 1640 2097 1710 et

608 1821 613 1829 ,
772 1738 1027 1847 praegrandes
1055 1740 1213 1854 aggredi
1242 1766 1321 1827 nou
1353 1746 1524 1851 audent,
1555 1744 1619 1831 sed
1647 1744 1727 1831 riso
1756 1773 1840 1833 vno
1887 1748 2014 1836 saltim
2045 1752 2096 1838 di·

771 1862 864 1949 dunt
893 1860 1041 1978 Sipang
1071 1864 1262 1984 (malum)
1294 1872 1480 1983 grandem
1512 1876 1620 1959 enim
1654 1897 1793 1961 vocare
1823 1896 2029 1989 poecanm
2046 1896 2094 1965 -et

772 1992 977 2079 exitiosum
1009 2010 1158 2105 putant.
1183 1994 1242 2081 Ira
1258 2018 1300 2083 et
1330 2000 1500 2088 dicunt'sr
1517 2002 1670 2087 leonem
1702 2004 1895 2091 nannum
1912 2026 1979 2093 aut
1994 2032 2094 2119 praa·

769 2121 958 2228 grandem
990 2118 1192 2209 vrsunrin
1239 2129 1458 2213 continente
1496 2128 1618 2227 ‘sociis
1678 2150 1719 2219 et
1751 2135 1865 2220 armis
1937 2137 2092 2227 destituti

771 2244 924 2335 edent.

752 2406 756 2412 ’
893 2378 1110 2496 Quotannis
1159 2382 1341 2495 permulti
1390 2386 1467 2473 vrsr
1506 2388 1653 2475 marini
1702 2388 1762 2479 sua
1815 2390 1949 2504 sponte
1999 2396 2090 2481 tenio

671 2547 674 2552 ’
765 2506 938 2597 confesti
970 2511 1012 2593 in
1040 2508 1113 2595 hac
1145 2509 1258 2597 insula
1306 2531 1494 2627 pereunt,
1547 2517 1602 2604 ita
1632 2532 1672 2602 et
1702 2536 1763 2604 tot
1793 2521 1834 2607 in
1868 2548 1995 2637 pugna
2038 2548 2093 2611 ca-

765 2636 864 2721 dunt
892 2652 934 2719 et
962 2636 1012 2721 ab
1043 2636 1195 2723 inflictis
1226 2638 1438 2729 vulneribus
1465 2664 1658 2757 pereunt,
1687 2665 1734 2732 vt
1766 2648 1808 2733 in
1836 2650 2021 2763 aliquibus
2042 2654 2091 2741 lo

763 2763 981 2847 sistorum
1011 2762 1097 2847 litus
1128 2764 1264 2875 offibus
1294 2788 1335 2855 et
1367 2772 1532 2860 caluariis
1547 2774 1812 2889 cooperiatur,
1826 2778 1950 2867 veluti
1967 2783 2089 2895 ingen-

643 2963 646 2967 ,
769 2888 824 2981 tia
852 2890 992 3004 praelia
1024 2891 1078 2976 ibi
1109 2894 1311 2982 commiffa
1343 2896 1513 2994 fuerint:
1797 2989 1802 2996 .

887 3018 1079 3108 Omittere
1099 3046 1196 3130 nou
1220 3024 1372 3135 porrum
1386 3073 1389 3080 ,
1405 3031 1619 3140 glandulam
1653 3036 1806 3146 Thymi
1843 3064 2090 3156 permagnam

767 3148 810 3233 in
839 3145 899 3234 his
927 3148 1148 3236 animalibus
1176 3151 1279 3261 effi,
1312 3179 1337 3237 e
1367 3161 1497 3244 multis
1527 3163 1706 3272 glandulis
1730 3167 1939 3256 conflatam
1963 3192 2005 3258 et
2020 3175 2092 3256 sac·

762 3295 819 3358 co
852 3273 1120 3360 membranoso
1150 3278 1394 3390 inuolutam,
1426 3287 1536 3372 incidi
1568 3290 1769 3406 aliquando
1800 3323 1954 3386 ramum
1998 3319 2090 3387 arte·

763 3397 845 3484 riae
876 3398 1104 3510 pulmonaiis
1133 3429 1180 3494 ac
1209 3410 1378 3498 immiffo
1406 3415 1538 3502 tubuio
1576 3438 1617 3504 et
1649 3422 1742 3510 flatu
1758 3427 1850 3510 oris.
1872 3426 2089 3535 obsennui,

745 3535 849 3612 'non
880 3545 1030 3614 tantum
1071 3535 1194 3623 cordis
1240 3540 1501 3653 ventarum,
1533 3543 1594 3633 sed
1625 3567 1665 3634 er
1696 3553 1912 3665 glandulam
1965 3557 2090 3666 thymi

762 3655 859 3743 flatu
890 3658 1116 3748 intumuisse.
1182 3665 1286 3783 Quid
1315 3669 1380 3756 alii
1413 3672 1584 3760 iudicent
1616 3680 1664 3763 de
1695 3679 1775 3768 hoc
1802 3685 1990 3795 attingere
2020 3711 2091 3801 uo·¹

755 3781 836 3895 lo,
867 3785 957 3922 uifi'*
968 3790 1108 3876 iteratis
1139 3797 1415 3906 experimentis
1444 3803 1484 3885 in
1514 3805 1593 3889 aliis
1622 3809 1746 3894 bestiis
1786 3795 1955 3900 marinis.

880 3909 1090 4005 Coronidis
1118 3919 1207 4008 loco
1237 3922 1477 4040 subiungam,
1504 3932 1695 4036 curiosum
1726 3938 1799 4024 eise
1828 3941 1962 4051 unde,
1987 3947 2086 4058 prod

760 4039 928 4129 annosus
956 4041 1189 4161 Dampienrs
1223 4053 1335 4140 tradit
1368 4057 1415 4144 de
1446 4055 1560 4145 insula
1594 4063 1832 4160 ferdinando
1868 4071 1930 4154 sub
1963 4072 2084 4159 uun

690 4237 694 4243 .
758 4167 852 4252 dine
870 4170 1043 4259 annuali
1072 4180 1260 4290 graduum
1293 4194 1370 4284 36.
1421 4185 1562 4273 scilicet
1608 4215 1803 4280 memorat
1842 4197 1912 4282 ssse
1944 4200 2001 4284 ibi
2028 4201 2082 4284 in-

760 4296 990 4383 continente
1007 4303 1136 4392 ‘fimiii
1165 4313 1313 4398 ratione
1342 4337 1489 4399 arc-nos
1516 4318 1558 4400 in
1586 4319 1700 4406 insula
1731 4319 1905 4436 Beringii
1955 4345 2085 4414 totum

755 4419 852 4511 riae
877 4422 1204 4528 innunerabilibus
1245 4439 1502 4560 phocanrm,
1527 4443 1688 4538 leonum
1716 4467 1758 4540 et
1795 4453 1968 4542 ursorum
1999 4481 2086 4542 mr-

1899 4586 2079 4680 rinonrm
