<?xml version="1.0" encoding="UTF-8"?>
<!DOCTYPE html PUBLIC "-//W3C//DTD XHTML 1.0 Transitional//EN"
    "http://www.w3.org/TR/xhtml1/DTD/xhtml1-transitional.dtd">
<html xmlns="http://www.w3.org/1999/xhtml" xml:lang="en" lang="en">
 <head>
  <title>
</title>
<meta http-equiv="Content-Type" content="text/html;charset=utf-8" />
  <meta name='ocr-system' content='tesseract 3.04.00' />
  <meta name='ocr-capabilities' content='ocr_page ocr_carea ocr_par ocr_line ocrx_word'/>
</head>
<body>
  <div class='ocr_page' id='page_1' title='image "./novicommentarii12sssrgoog/novicommentarii12sssrgoog_0502.png"; bbox 0 0 4475 5900; ppageno 0'>
   <div class='ocr_carea' id='block_1_1' title="bbox 750 408 1816 535">
    <p class='ocr_par' dir='ltr' id='par_1_1' title="bbox 750 408 1816 535">
     <span class='ocr_line' id='line_1_1' title="bbox 750 408 1816 535; baseline 0.015 -32"><span class='ocrx_word' id='word_1_1' title='bbox 750 410 753 414; x_wconf 70' lang='grc'>’</span> <span class='ocrx_word' id='word_1_2' title='bbox 785 430 882 535; x_wconf 70' lang='lat'><strong>4⁶⁶</strong></span> <span class='ocrx_word' id='word_1_3' title='bbox 1078 408 1414 517; x_wconf 67' lang='lat' dir='ltr'><strong>Met’uoua&#39;s</strong></span> <span class='ocrx_word' id='word_1_4' title='bbox 1440 414 1816 519; x_wconf 74' lang='lat' dir='ltr'><strong>ossuaaauor</strong></span> 
     </span>
    </p>
   </div>
   <div class='ocr_carea' id='block_1_2' title="bbox 707 647 2091 2055">
    <p class='ocr_par' dir='ltr' id='par_1_2' title="bbox 707 647 2091 2055">
     <span class='ocr_line' id='line_1_2' title="bbox 784 647 2087 771; baseline -0.002 -26"><span class='ocrx_word' id='word_1_5' title='bbox 784 680 827 745; x_wconf 82' lang='lat' dir='ltr'><strong>et</strong></span> <span class='ocrx_word' id='word_1_6' title='bbox 856 653 1080 742; x_wconf 67' lang='lat' dir='ltr'><strong>armabitur</strong></span> <span class='ocrx_word' id='word_1_7' title='bbox 1118 656 1208 741; x_wconf 83' lang='lat' dir='ltr'><strong>inde</strong></span> <span class='ocrx_word' id='word_1_8' title='bbox 1266 656 1498 771; x_wconf 77' lang='lat' dir='ltr'><strong>triangulam</strong></span> <span class='ocrx_word' id='word_1_9' title='bbox 1547 656 1789 743; x_wconf 66' lang='lat' dir='ltr'><strong>rectilineum</strong></span> <span class='ocrx_word' id='word_1_10' title='bbox 1847 651 1897 741; x_wconf 87' lang='grc' dir='ltr'><strong>Μ</strong></span> <span class='ocrx_word' id='word_1_11' title='bbox 1917 647 2024 769; x_wconf 82' lang='lat' dir='ltr'><strong>SE,</strong></span> <span class='ocrx_word' id='word_1_12' title='bbox 2061 658 2087 743; x_wconf 91' lang='lat' dir='ltr'><strong>ir</strong></span> 
     </span>
     <span class='ocr_line' id='line_1_3' title="bbox 707 780 2088 902; baseline -0.004 -28"><span class='ocrx_word' id='word_1_13' title='bbox 707 794 720 874; x_wconf 81' lang='grc'><strong>,’</strong></span> <span class='ocrx_word' id='word_1_14' title='bbox 787 812 868 902; x_wconf 92' lang='lat' dir='ltr'><strong>quo</strong></span> <span class='ocrx_word' id='word_1_15' title='bbox 898 787 994 871; x_wconf 87' lang='lat' dir='ltr'><strong>datis</strong></span> <span class='ocrx_word' id='word_1_16' title='bbox 1022 812 1093 897; x_wconf 89' lang='lat' dir='ltr'><strong>per</strong></span> <span class='ocrx_word' id='word_1_17' title='bbox 1124 784 1232 896; x_wconf 90' lang='lat' dir='ltr'><strong>supra</strong></span> <span class='ocrx_word' id='word_1_18' title='bbox 1262 783 1365 893; x_wconf 67' lang='lat' dir='ltr'><strong>dada</strong></span> <span class='ocrx_word' id='word_1_19' title='bbox 1395 786 1569 871; x_wconf 87' lang='lat' dir='ltr'><strong>lateribus</strong></span> <span class='ocrx_word' id='word_1_20' title='bbox 1600 782 1696 871; x_wconf 89' lang='lat' dir='ltr'><strong>MS</strong></span> <span class='ocrx_word' id='word_1_21' title='bbox 1730 805 1769 879; x_wconf 83' lang='lat' dir='ltr'><strong>et</strong></span> <span class='ocrx_word' id='word_1_22' title='bbox 1800 780 1890 869; x_wconf 89' lang='lat' dir='ltr'><strong>SE</strong></span> <span class='ocrx_word' id='word_1_23' title='bbox 1920 810 2006 868; x_wconf 89' lang='lat' dir='ltr'><strong>cum</strong></span> <span class='ocrx_word' id='word_1_24' title='bbox 2041 812 2088 869; x_wconf 79' lang='lat' dir='ltr'><strong>an</strong></span> 
     </span>
     <span class='ocr_line' id='line_1_4' title="bbox 785 909 2090 1029; baseline -0.003 -29"><span class='ocrx_word' id='word_1_25' title='bbox 785 918 879 1029; x_wconf 83' lang='lat' dir='ltr'><strong>gulo</strong></span> <span class='ocrx_word' id='word_1_26' title='bbox 909 918 1128 1027; x_wconf 87' lang='lat' dir='ltr'><strong>intercepto</strong></span> <span class='ocrx_word' id='word_1_27' title='bbox 1141 912 1190 999; x_wconf 87' lang='grc' dir='ltr'><strong>Μ</strong></span> <span class='ocrx_word' id='word_1_28' title='bbox 1207 914 1234 1001; x_wconf 91' lang='lat' dir='ltr'><strong>S</strong></span> <span class='ocrx_word' id='word_1_29' title='bbox 1253 916 1290 1002; x_wconf 87' lang='lat' dir='ltr'>E</span> <span class='ocrx_word' id='word_1_30' title='bbox 1307 917 1548 999; x_wconf 85' lang='lat' dir='ltr'><strong>inuenientur</strong></span> <span class='ocrx_word' id='word_1_31' title='bbox 1564 915 1689 1025; x_wconf 87' lang='lat' dir='ltr'><strong>auguli</strong></span> <span class='ocrx_word' id='word_1_32' title='bbox 1708 912 1735 999; x_wconf 89' lang='lat' dir='ltr'>S</span> <span class='ocrx_word' id='word_1_33' title='bbox 1755 914 1791 997; x_wconf 92' lang='lat' dir='ltr'>E</span> <span class='ocrx_word' id='word_1_34' title='bbox 1809 909 1859 999; x_wconf 96' lang='lat' dir='ltr'><strong>M</strong></span> <span class='ocrx_word' id='word_1_35' title='bbox 1897 910 2090 1019; x_wconf 78' lang='lat' dir='ltr'><strong>etSME,</strong></span> 
     </span>
     <span class='ocr_line' id='line_1_5' title="bbox 740 1039 2089 1155; baseline -0.005 -24"><span class='ocrx_word' id='word_1_36' title='bbox 740 1123 744 1131; x_wconf 85' lang='lat'><em>.</em></span> <span class='ocrx_word' id='word_1_37' title='bbox 786 1071 868 1155; x_wconf 24' lang='lat' dir='ltr'><strong>uec·</strong></span> <span class='ocrx_word' id='word_1_38' title='bbox 899 1069 980 1128; x_wconf 88' lang='lat' dir='ltr'><strong>non</strong></span> <span class='ocrx_word' id='word_1_39' title='bbox 1012 1044 1107 1128; x_wconf 88' lang='lat' dir='ltr'><strong>latus</strong></span> <span class='ocrx_word' id='word_1_40' title='bbox 1140 1044 1189 1131; x_wconf 87' lang='lat' dir='ltr'>M</span> <span class='ocrx_word' id='word_1_41' title='bbox 1215 1046 1263 1132; x_wconf 90' lang='lat' dir='ltr'><strong>E.</strong></span> <span class='ocrx_word' id='word_1_42' title='bbox 1297 1042 1550 1131; x_wconf 87' lang='lat' dir='ltr'><strong>Subtrahatur</strong></span> <span class='ocrx_word' id='word_1_43' title='bbox 1580 1044 1735 1153; x_wconf 83' lang='lat' dir='ltr'><strong>angulus</strong></span> <span class='ocrx_word' id='word_1_44' title='bbox 1763 1039 1919 1151; x_wconf 70' lang='lat' dir='ltr'><strong>§EM</strong></span> <span class='ocrx_word' id='word_1_45' title='bbox 1960 1042 2007 1126; x_wconf 88' lang='lat' dir='ltr'><strong>ab</strong></span> <span class='ocrx_word' id='word_1_46' title='bbox 2041 1068 2089 1125; x_wconf 88' lang='lat' dir='ltr'><strong>an·</strong></span> 
     </span>
     <span class='ocr_line' id='line_1_6' title="bbox 785 1166 2089 1284; baseline -0.002 -29"><span class='ocrx_word' id='word_1_47' title='bbox 785 1172 879 1281; x_wconf 89' lang='lat' dir='ltr'><strong>gulo</strong></span> <span class='ocrx_word' id='word_1_48' title='bbox 912 1166 1030 1257; x_wconf 89' lang='lat' dir='ltr'><strong>lES</strong></span> <span class='ocrx_word' id='word_1_49' title='bbox 1062 1166 1168 1284; x_wconf 87' lang='lat' dir='ltr'><strong>supra</strong></span> <span class='ocrx_word' id='word_1_50' title='bbox 1201 1175 1322 1282; x_wconf 85' lang='lat' dir='ltr'><strong>dato,</strong></span> <span class='ocrx_word' id='word_1_51' title='bbox 1373 1191 1413 1255; x_wconf 86' lang='lat' dir='ltr'><strong>et</strong></span> <span class='ocrx_word' id='word_1_52' title='bbox 1446 1172 1596 1256; x_wconf 84' lang='lat' dir='ltr'><strong>restabit</strong></span> <span class='ocrx_word' id='word_1_53' title='bbox 1628 1169 1786 1282; x_wconf 81' lang='lat' dir='ltr'><strong>angulus</strong></span> <span class='ocrx_word' id='word_1_54' title='bbox 1817 1170 1869 1258; x_wconf 88' lang='grc' dir='ltr'><strong>Μ</strong></span> <span class='ocrx_word' id='word_1_55' title='bbox 1889 1172 1926 1257; x_wconf 88' lang='grc' dir='ltr'>Ε</span> <span class='ocrx_word' id='word_1_56' title='bbox 1945 1170 1979 1255; x_wconf 94' lang='lat'><strong>1.</strong></span> <span class='ocrx_word' id='word_1_57' title='bbox 2016 1170 2089 1254; x_wconf 69' lang='lat' dir='ltr'><strong>&#39;lan</strong></span> 
     </span>
     <span class='ocr_line' id='line_1_7' title="bbox 783 1296 2088 1411; baseline -0.001 -28"><span class='ocrx_word' id='word_1_58' title='bbox 783 1300 826 1383; x_wconf 89' lang='lat' dir='ltr'><strong>in</strong></span> <span class='ocrx_word' id='word_1_59' title='bbox 843 1300 1036 1411; x_wconf 83' lang='lat' dir='ltr'><strong>triangulo</strong></span> <span class='ocrx_word' id='word_1_60' title='bbox 1053 1300 1177 1387; x_wconf 85' lang='lat' dir='ltr'><strong>MEl</strong></span> <span class='ocrx_word' id='word_1_61' title='bbox 1197 1306 1332 1389; x_wconf 90' lang='lat' dir='ltr'><strong>itidem</strong></span> <span class='ocrx_word' id='word_1_62' title='bbox 1353 1300 1554 1411; x_wconf 71' lang='lat' dir='ltr'><strong>redilineo</strong></span> <span class='ocrx_word' id='word_1_63' title='bbox 1572 1301 1668 1384; x_wconf 88' lang='lat' dir='ltr'><strong>datis</strong></span> <span class='ocrx_word' id='word_1_64' title='bbox 1685 1300 1859 1385; x_wconf 87' lang='lat' dir='ltr'><strong>lateribus</strong></span> <span class='ocrx_word' id='word_1_65' title='bbox 1879 1298 1977 1387; x_wconf 86' lang='lat' dir='ltr'><strong>ME</strong></span> <span class='ocrx_word' id='word_1_66' title='bbox 1993 1320 2029 1383; x_wconf 87' lang='lat' dir='ltr'><strong>et</strong></span> <span class='ocrx_word' id='word_1_67' title='bbox 2041 1296 2088 1382; x_wconf 84' lang='lat' dir='ltr'><strong>El</strong></span> 
     </span>
     <span class='ocr_line' id='line_1_8' title="bbox 783 1406 2091 1545; baseline -0.003 -32"><span class='ocrx_word' id='word_1_68' title='bbox 783 1438 873 1513; x_wconf 88' lang='lat' dir='ltr'><strong>cum</strong></span> <span class='ocrx_word' id='word_1_69' title='bbox 892 1429 1033 1538; x_wconf 79' lang='lat' dir='ltr'><strong>anguto</strong></span> <span class='ocrx_word' id='word_1_70' title='bbox 1044 1406 1393 1541; x_wconf 76' lang='lat' dir='ltr'><strong>interceptoMEl</strong></span> <span class='ocrx_word' id='word_1_71' title='bbox 1411 1429 1628 1515; x_wconf 84' lang='lat' dir='ltr'><strong>inuenietur</strong></span> <span class='ocrx_word' id='word_1_72' title='bbox 1645 1426 1850 1537; x_wconf 86' lang='lat' dir='ltr'><strong>angulusE</strong></span> <span class='ocrx_word' id='word_1_73' title='bbox 1866 1427 1916 1545; x_wconf 94' lang='lat' dir='ltr'><strong>M</strong></span> <span class='ocrx_word' id='word_1_74' title='bbox 1930 1427 2040 1513; x_wconf 87' lang='lat' dir='ltr'><strong>Icum</strong></span> <span class='ocrx_word' id='word_1_75' title='bbox 2056 1426 2091 1510; x_wconf 87' lang='lat' dir='ltr'><strong>la·</strong></span> 
     </span>
     <span class='ocr_line' id='line_1_9' title="bbox 783 1555 2089 1668; baseline -0.003 -28"><span class='ocrx_word' id='word_1_76' title='bbox 783 1556 935 1643; x_wconf 85' lang='lat' dir='ltr'><strong>tere-M</strong></span> <span class='ocrx_word' id='word_1_77' title='bbox 954 1555 973 1639; x_wconf 88' lang='lat'>1</span> <span class='ocrx_word' id='word_1_78' title='bbox 991 1622 1003 1663; x_wconf 86' lang='lat'>,</span> <span class='ocrx_word' id='word_1_79' title='bbox 1034 1556 1138 1668; x_wconf 88' lang='lat' dir='ltr'><strong>quod</strong></span> <span class='ocrx_word' id='word_1_80' title='bbox 1156 1576 1312 1643; x_wconf 91' lang='lat' dir='ltr'><strong>motum</strong></span> <span class='ocrx_word' id='word_1_81' title='bbox 1330 1557 1451 1640; x_wconf 90' lang='lat' dir='ltr'><strong>centri</strong></span> <span class='ocrx_word' id='word_1_82' title='bbox 1469 1556 1632 1641; x_wconf 79' lang='lat' dir='ltr'><strong>umbrae</strong></span> <span class='ocrx_word' id='word_1_83' title='bbox 1650 1558 1690 1639; x_wconf 93' lang='lat' dir='ltr'><strong>in</strong></span> <span class='ocrx_word' id='word_1_84' title='bbox 1708 1556 1838 1641; x_wconf 89' lang='lat' dir='ltr'><strong>semita</strong></span> <span class='ocrx_word' id='word_1_85' title='bbox 1856 1557 2023 1642; x_wconf 88' lang='lat' dir='ltr'><strong>eiusdem</strong></span> <span class='ocrx_word' id='word_1_86' title='bbox 2040 1580 2089 1663; x_wconf 84' lang='lat' dir='ltr'><strong>ap</strong></span> 
     </span>
     <span class='ocr_line' id='line_1_10' title="bbox 779 1680 2090 1797; baseline -0.005 -27"><span class='ocrx_word' id='word_1_87' title='bbox 779 1704 968 1797; x_wconf 85' lang='lat' dir='ltr'><strong>parente,</strong></span> <span class='ocrx_word' id='word_1_88' title='bbox 999 1702 1184 1795; x_wconf 84' lang='lat' dir='ltr'><strong>tempore</strong></span> <span class='ocrx_word' id='word_1_89' title='bbox 1217 1688 1317 1769; x_wconf 90' lang='lat' dir='ltr'><strong>inter</strong></span> <span class='ocrx_word' id='word_1_90' title='bbox 1353 1682 1632 1769; x_wconf 83' lang='lat' dir='ltr'><strong>obseruationes</strong></span> <span class='ocrx_word' id='word_1_91' title='bbox 1663 1680 1876 1796; x_wconf 84' lang='lat' dir='ltr'><strong>alsumptas</strong></span> <span class='ocrx_word' id='word_1_92' title='bbox 1907 1680 2029 1795; x_wconf 77' lang='lat' dir='ltr'><strong>elapir</strong></span> <span class='ocrx_word' id='word_1_93' title='bbox 2051 1680 2090 1763; x_wconf 82' lang='lat' dir='ltr'><strong>fa·</strong></span> 
     </span>
     <span class='ocr_line' id='line_1_11' title="bbox 781 1794 2088 1927; baseline -0.003 -28"><span class='ocrx_word' id='word_1_94' title='bbox 781 1815 967 1901; x_wconf 70' lang='lat' dir='ltr'><strong>dumet</strong></span> <span class='ocrx_word' id='word_1_95' title='bbox 996 1814 1210 1927; x_wconf 74' lang='lat' dir='ltr'><strong>quaesitum</strong></span> <span class='ocrx_word' id='word_1_96' title='bbox 1243 1814 1387 1924; x_wconf 84' lang='lat' dir='ltr'><strong>prodit.</strong></span> <span class='ocrx_word' id='word_1_97' title='bbox 1419 1813 1603 1897; x_wconf 84' lang='lat' dir='ltr'>Tandem</span> <span class='ocrx_word' id='word_1_98' title='bbox 1636 1812 1792 1896; x_wconf 79' lang='lat' dir='ltr'>addatur</span> <span class='ocrx_word' id='word_1_99' title='bbox 1808 1794 1968 1925; x_wconf 80' lang='lat' dir='ltr'><strong>angulus</strong></span> <span class='ocrx_word' id='word_1_100' title='bbox 1986 1808 2088 1897; x_wconf 78' lang='lat' dir='ltr'><strong>uui</strong></span> 
     </span>
     <span class='ocr_line' id='line_1_12' title="bbox 780 1934 2090 2055; baseline -0.002 -29"><span class='ocrx_word' id='word_1_101' title='bbox 780 1966 908 2052; x_wconf 80' lang='lat' dir='ltr'>nuper</span> <span class='ocrx_word' id='word_1_102' title='bbox 938 1946 1117 2029; x_wconf 89' lang='lat' dir='ltr'><strong>inuentus</strong></span> <span class='ocrx_word' id='word_1_103' title='bbox 1148 1943 1197 2027; x_wconf 86' lang='lat' dir='ltr'><strong>ad</strong></span> <span class='ocrx_word' id='word_1_104' title='bbox 1228 1942 1409 2055; x_wconf 79' lang='lat' dir='ltr'><strong>angulum</strong></span> <span class='ocrx_word' id='word_1_105' title='bbox 1442 1940 1544 2027; x_wconf 90' lang='lat' dir='ltr'><strong>EM</strong></span> <span class='ocrx_word' id='word_1_106' title='bbox 1563 1934 1619 2045; x_wconf 87' lang='lat' dir='ltr'><strong>S,</strong></span> <span class='ocrx_word' id='word_1_107' title='bbox 1670 1944 1917 2051; x_wconf 80' lang='lat' dir='ltr'><strong>ut-prodeat</strong></span> <span class='ocrx_word' id='word_1_108' title='bbox 1962 1940 2090 2050; x_wconf 83' lang='lat' dir='ltr'><strong>angulus</strong></span> 
     </span>
    </p>
   </div>
   <div class='ocr_carea' id='block_1_3' title="bbox 631 2058 2089 2179">
    <p class='ocr_par' dir='ltr' id='par_1_3' title="bbox 631 2058 2089 2179">
     <span class='ocr_line' id='line_1_13' title="bbox 631 2058 2089 2179; baseline -0.003 -23"><span class='ocrx_word' id='word_1_109' title='bbox 631 2058 636 2067; x_wconf 66' lang='grc'><em>’</em></span> <span class='ocrx_word' id='word_1_110' title='bbox 779 2066 942 2177; x_wconf 82' lang='lat' dir='ltr'><strong>IMS,</strong></span> <span class='ocrx_word' id='word_1_111' title='bbox 978 2070 1054 2156; x_wconf 87' lang='lat' dir='ltr'><strong>hoc</strong></span> <span class='ocrx_word' id='word_1_112' title='bbox 1086 2074 1195 2157; x_wconf 89' lang='lat' dir='ltr'><strong>enim</strong></span> <span class='ocrx_word' id='word_1_113' title='bbox 1228 2076 1275 2156; x_wconf 90' lang='lat' dir='ltr'><strong>ad</strong></span> <span class='ocrx_word' id='word_1_114' title='bbox 1307 2072 1487 2179; x_wconf 85' lang='lat' dir='ltr'><strong>angulum</strong></span> <span class='ocrx_word' id='word_1_115' title='bbox 1523 2068 1569 2154; x_wconf 94' lang='lat' dir='ltr'><strong>M</strong></span> <span class='ocrx_word' id='word_1_116' title='bbox 1588 2063 1670 2154; x_wconf 88' lang='lat' dir='ltr'><strong>SE</strong></span> <span class='ocrx_word' id='word_1_117' title='bbox 1701 2067 1858 2178; x_wconf 84' lang='lat' dir='ltr'><strong>addito,</strong></span> <span class='ocrx_word' id='word_1_118' title='bbox 1887 2070 2089 2179; x_wconf 78' lang='lat' dir='ltr'><strong>summaque</strong></span> 
     </span>
    </p>
   </div>
   <div class='ocr_carea' id='block_1_4' title="bbox 688 2188 2092 3209">
    <p class='ocr_par' dir='ltr' id='par_1_4' title="bbox 688 2188 2092 3209">
     <span class='ocr_line' id='line_1_14' title="bbox 782 2188 2092 2320; baseline -0.001 -41"><span class='ocrx_word' id='word_1_119' title='bbox 782 2220 922 2279; x_wconf 79' lang='lat' dir='ltr'><strong>norum</strong></span> <span class='ocrx_word' id='word_1_120' title='bbox 954 2222 977 2280; x_wconf 86' lang='lat' dir='ltr'><strong>a</strong></span> <span class='ocrx_word' id='word_1_121' title='bbox 1011 2188 1117 2283; x_wconf 83' lang='lat'>180⁰</span> <span class='ocrx_word' id='word_1_122' title='bbox 1148 2190 1337 2281; x_wconf 73' lang='lat' dir='ltr'><strong>subtrada</strong></span> <span class='ocrx_word' id='word_1_123' title='bbox 1369 2198 1410 2278; x_wconf 92' lang='lat' dir='ltr'><strong>in</strong></span> <span class='ocrx_word' id='word_1_124' title='bbox 1441 2194 1592 2281; x_wconf 77' lang='lat' dir='ltr'><strong>residuo</strong></span> <span class='ocrx_word' id='word_1_125' title='bbox 1622 2195 1792 2305; x_wconf 84' lang='lat' dir='ltr'><strong>prodibit</strong></span> <span class='ocrx_word' id='word_1_126' title='bbox 1823 2194 2092 2320; x_wconf 28' lang='lat' dir='ltr'><strong>inclinatiotse·</strong></span> 
     </span>
     <span class='ocr_line' id='line_1_15' title="bbox 709 2320 2091 2432; baseline 0.001 -26"><span class='ocrx_word' id='word_1_127' title='bbox 709 2401 713 2406; x_wconf 80' lang='grc'>,</span> <span class='ocrx_word' id='word_1_128' title='bbox 779 2325 962 2412; x_wconf 86' lang='lat' dir='ltr'><strong>ruitartan</strong></span> <span class='ocrx_word' id='word_1_129' title='bbox 1013 2323 1182 2411; x_wconf 76' lang='lat' dir='ltr'><strong>sisarum</strong></span> <span class='ocrx_word' id='word_1_130' title='bbox 1221 2320 1304 2409; x_wconf 89' lang='lat' dir='ltr'><strong>SE</strong></span> <span class='ocrx_word' id='word_1_131' title='bbox 1336 2340 1377 2407; x_wconf 92' lang='lat' dir='ltr'><strong>et</strong></span> <span class='ocrx_word' id='word_1_132' title='bbox 1409 2322 1456 2409; x_wconf 93' lang='lat' dir='ltr'><strong>M</strong></span> <span class='ocrx_word' id='word_1_133' title='bbox 1477 2323 1535 2432; x_wconf 91' lang='lat'><strong>1,</strong></span> <span class='ocrx_word' id='word_1_134' title='bbox 1577 2326 1702 2407; x_wconf 88' lang='lat' dir='ltr'><strong>centri</strong></span> <span class='ocrx_word' id='word_1_135' title='bbox 1740 2322 1876 2410; x_wconf 87' lang='lat' dir='ltr'><strong>Lunae</strong></span> <span class='ocrx_word' id='word_1_136' title='bbox 1919 2344 1964 2409; x_wconf 87' lang='lat' dir='ltr'><strong>er</strong></span> <span class='ocrx_word' id='word_1_137' title='bbox 1989 2322 2091 2409; x_wconf 83' lang='lat' dir='ltr'><strong>canni</strong></span> 
     </span>
     <span class='ocr_line' id='line_1_16' title="bbox 779 2446 2090 2572; baseline -0.002 -34"><span class='ocrx_word' id='word_1_138' title='bbox 779 2452 944 2538; x_wconf 72' lang='lat' dir='ltr'><strong>umbrie</strong></span> <span class='ocrx_word' id='word_1_139' title='bbox 980 2452 1029 2538; x_wconf 90' lang='lat' dir='ltr'><strong>ad</strong></span> <span class='ocrx_word' id='word_1_140' title='bbox 1061 2452 1098 2537; x_wconf 83' lang='lat' dir='ltr'><strong>ss</strong></span> <span class='ocrx_word' id='word_1_141' title='bbox 1131 2453 1303 2540; x_wconf 86' lang='lat' dir='ltr'><strong>inuicem</strong></span> <span class='ocrx_word' id='word_1_142' title='bbox 1333 2451 1525 2562; x_wconf 79' lang='lat' dir='ltr'><strong>·quatsrta.</strong></span> <span class='ocrx_word' id='word_1_143' title='bbox 1561 2446 1633 2559; x_wconf 59' lang='lat'><strong>3⁶⁰</strong></span> <span class='ocrx_word' id='word_1_144' title='bbox 1666 2452 1815 2572; x_wconf 83' lang='lat' dir='ltr'><strong>Quodfi</strong></span> <span class='ocrx_word' id='word_1_145' title='bbox 1845 2455 1889 2538; x_wconf 90' lang='lat' dir='ltr'><strong>in</strong></span> <span class='ocrx_word' id='word_1_146' title='bbox 1921 2455 2012 2539; x_wconf 86' lang='lat' dir='ltr'><strong>loco</strong></span> <span class='ocrx_word' id='word_1_147' title='bbox 2037 2452 2090 2536; x_wconf 75' lang='lat' dir='ltr'><strong>ot</strong></span> 
     </span>
     <span class='ocr_line' id='line_1_17' title="bbox 780 2578 2091 2697; baseline -0.002 -30"><span class='ocrx_word' id='word_1_148' title='bbox 780 2579 996 2667; x_wconf 85' lang='lat' dir='ltr'><strong>semationis</strong></span> <span class='ocrx_word' id='word_1_149' title='bbox 1026 2580 1194 2668; x_wconf 82' lang='lat' dir='ltr'><strong>altitudo</strong></span> <span class='ocrx_word' id='word_1_150' title='bbox 1226 2584 1436 2695; x_wconf 87' lang='lat' dir='ltr'><strong>aequaturis</strong></span> <span class='ocrx_word' id='word_1_151' title='bbox 1464 2586 1620 2690; x_wconf 83' lang='lat' dir='ltr'><strong>cognita</strong></span> <span class='ocrx_word' id='word_1_152' title='bbox 1650 2578 1765 2667; x_wconf 80' lang='lat' dir='ltr'><strong>fiterit</strong></span> <span class='ocrx_word' id='word_1_153' title='bbox 1782 2640 1813 2691; x_wconf 82' lang='lat'><strong>,-</strong></span> <span class='ocrx_word' id='word_1_154' title='bbox 1845 2584 1995 2697; x_wconf 86' lang='lat' dir='ltr'><strong>poterit</strong></span> <span class='ocrx_word' id='word_1_155' title='bbox 2029 2579 2091 2667; x_wconf 86' lang='lat' dir='ltr'><strong>hot</strong></span> 
     </span>
     <span class='ocr_line' id='line_1_18' title="bbox 780 2708 2089 2823; baseline -0.001 -29"><span class='ocrx_word' id='word_1_156' title='bbox 780 2709 962 2819; x_wconf 76' lang='lat' dir='ltr'><strong>requilito</strong></span> <span class='ocrx_word' id='word_1_157' title='bbox 994 2734 1087 2796; x_wconf 89' lang='lat' dir='ltr'><strong>cum</strong></span> <span class='ocrx_word' id='word_1_158' title='bbox 1118 2712 1309 2822; x_wconf 88' lang='lat' dir='ltr'><strong>prioribus</strong></span> <span class='ocrx_word' id='word_1_159' title='bbox 1340 2709 1437 2795; x_wconf 91' lang='lat' dir='ltr'><strong>datis</strong></span> <span class='ocrx_word' id='word_1_160' title='bbox 1468 2708 1689 2821; x_wconf 88' lang='lat' dir='ltr'><strong>composrto</strong></span> <span class='ocrx_word' id='word_1_161' title='bbox 1721 2730 1767 2795; x_wconf 89' lang='lat' dir='ltr'><strong>au</strong></span> <span class='ocrx_word' id='word_1_162' title='bbox 1799 2710 2089 2823; x_wconf 72' lang='lat' dir='ltr'><strong>tempuscula</strong></span> 
     </span>
     <span class='ocr_line' id='line_1_19' title="bbox 779 2834 2092 2952; baseline -0.002 -33"><span class='ocrx_word' id='word_1_163' title='bbox 779 2834 874 2921; x_wconf 80' lang='lat' dir='ltr'><strong>linet</strong></span> <span class='ocrx_word' id='word_1_164' title='bbox 907 2840 1178 2924; x_wconf 85' lang='lat' dir='ltr'><strong>obseruationis</strong></span> <span class='ocrx_word' id='word_1_165' title='bbox 1210 2838 1368 2952; x_wconf 81' lang='lat' dir='ltr'><strong>phaseos</strong></span> <span class='ocrx_word' id='word_1_166' title='bbox 1398 2836 1559 2921; x_wconf 80' lang='lat' dir='ltr'><strong>altitudo</strong></span> <span class='ocrx_word' id='word_1_167' title='bbox 1598 2840 1719 2923; x_wconf 88' lang='lat' dir='ltr'><strong>etiam</strong></span> <span class='ocrx_word' id='word_1_168' title='bbox 1771 2842 1898 2924; x_wconf 87' lang='lat' dir='ltr'><strong>centri</strong></span> <span class='ocrx_word' id='word_1_169' title='bbox 1951 2838 2092 2925; x_wconf 80' lang='lat' dir='ltr'><strong>umbrae</strong></span> 
     </span>
     <span class='ocr_line' id='line_1_20' title="bbox 688 2963 2091 3080; baseline 0 -32"><span class='ocrx_word' id='word_1_170' title='bbox 688 3019 691 3030; x_wconf 89' lang='lat'>-</span> <span class='ocrx_word' id='word_1_171' title='bbox 778 2963 900 3077; x_wconf 81' lang='lat' dir='ltr'><strong>supra&#39;</strong></span> <span class='ocrx_word' id='word_1_172' title='bbox 920 2969 1170 3054; x_wconf 83' lang='lat' dir='ltr'><strong>horinoutem</strong></span> <span class='ocrx_word' id='word_1_173' title='bbox 1203 2993 1416 3080; x_wconf 85' lang='lat' dir='ltr'><strong>apparens,</strong></span> <span class='ocrx_word' id='word_1_174' title='bbox 1449 2992 1633 3051; x_wconf 89' lang='lat' dir='ltr'><strong>necnon</strong></span> <span class='ocrx_word' id='word_1_175' title='bbox 1665 2967 1877 3051; x_wconf 85' lang='lat' dir='ltr'><strong>declinatio</strong></span> <span class='ocrx_word' id='word_1_176' title='bbox 1916 2969 1960 3053; x_wconf 82' lang='lat' dir='ltr'><strong>et</strong></span> <span class='ocrx_word' id='word_1_177' title='bbox 1987 2963 2091 3050; x_wconf 85' lang='lat' dir='ltr'><strong>aseen-</strong></span> 
     </span>
     <span class='ocr_line' id='line_1_21' title="bbox 777 3092 2091 3209; baseline -0.005 -27"><span class='ocrx_word' id='word_1_178' title='bbox 777 3095 835 3182; x_wconf 79' lang='lat' dir='ltr'><strong>fio</strong></span> <span class='ocrx_word' id='word_1_179' title='bbox 864 3099 968 3182; x_wconf 71' lang='lat' dir='ltr'><strong>reeta</strong></span> <span class='ocrx_word' id='word_1_180' title='bbox 1001 3102 1171 3183; x_wconf 80' lang='lat' dir='ltr'><strong>eiusdem</strong></span> <span class='ocrx_word' id='word_1_181' title='bbox 1198 3114 1430 3209; x_wconf 87' lang='lat' dir='ltr'><strong>apparentes</strong></span> <span class='ocrx_word' id='word_1_182' title='bbox 1469 3096 1646 3179; x_wconf 86' lang='lat' dir='ltr'><strong>inueniri.</strong></span> <span class='ocrx_word' id='word_1_183' title='bbox 1726 3092 1881 3180; x_wconf 86' lang='lat' dir='ltr'><strong>Dantur</strong></span> <span class='ocrx_word' id='word_1_184' title='bbox 1929 3093 2091 3181; x_wconf 79' lang='lat' dir='ltr'><strong>enimin</strong></span> 
     </span>
    </p>
   </div>
   <div class='ocr_carea' id='block_1_5' title="bbox 599 3221 2092 3338">
    <p class='ocr_par' dir='ltr' id='par_1_5' title="bbox 599 3221 2092 3338">
     <span class='ocr_line' id='line_1_22' title="bbox 599 3221 2092 3338; baseline -0.003 -27"><span class='ocrx_word' id='word_1_185' title='bbox 599 3265 606 3282; x_wconf 95' lang='lat'><strong>·</strong></span> <span class='ocrx_word' id='word_1_186' title='bbox 696 3309 708 3336; x_wconf 64' lang='lat'>‚</span> <span class='ocrx_word' id='word_1_187' title='bbox 780 3227 963 3336; x_wconf 86' lang='lat' dir='ltr'><strong>requifitis</strong></span> <span class='ocrx_word' id='word_1_188' title='bbox 993 3225 1085 3335; x_wconf 82' lang='lat' dir='ltr'><strong>§phi</strong></span> <span class='ocrx_word' id='word_1_189' title='bbox 1118 3223 1228 3308; x_wconf 90' lang='lat' dir='ltr'><strong>huius</strong></span> <span class='ocrx_word' id='word_1_190' title='bbox 1260 3227 1308 3309; x_wconf 91' lang='lat' dir='ltr'><strong>ad</strong></span> <span class='ocrx_word' id='word_1_191' title='bbox 1340 3223 1554 3332; x_wconf 82' lang='lat' dir='ltr'><strong>quamlibet</strong></span> <span class='ocrx_word' id='word_1_192' title='bbox 1598 3221 1904 3308; x_wconf 85' lang='lat' dir='ltr'><strong>obseruationem</strong></span> <span class='ocrx_word' id='word_1_193' title='bbox 1953 3221 2092 3338; x_wconf 78' lang='lat' dir='ltr'><strong>phaseor</strong></span> 
     </span>
    </p>
   </div>
   <div class='ocr_carea' id='block_1_6' title="bbox 656 3347 2092 4464">
    <p class='ocr_par' dir='ltr' id='par_1_6' title="bbox 656 3347 2092 4464">
     <span class='ocr_line' id='line_1_23' title="bbox 778 3347 2092 3464; baseline -0.003 -26"><span class='ocrx_word' id='word_1_194' title='bbox 778 3351 941 3438; x_wconf 79' lang='lat' dir='ltr'><strong>altitudo</strong></span> <span class='ocrx_word' id='word_1_195' title='bbox 971 3371 1011 3433; x_wconf 84' lang='lat' dir='ltr'><strong>et</strong></span> <span class='ocrx_word' id='word_1_196' title='bbox 1040 3351 1253 3433; x_wconf 76' lang='lat' dir='ltr'><strong>declinatio</strong></span> <span class='ocrx_word' id='word_1_197' title='bbox 1301 3351 1423 3434; x_wconf 91' lang='lat' dir='ltr'><strong>centri</strong></span> <span class='ocrx_word' id='word_1_198' title='bbox 1474 3347 1609 3434; x_wconf 89' lang='lat' dir='ltr'><strong>Lunae</strong></span> <span class='ocrx_word' id='word_1_199' title='bbox 1640 3347 1676 3432; x_wconf 93' lang='lat' dir='ltr'>L</span> <span class='ocrx_word' id='word_1_200' title='bbox 1705 3373 1963 3462; x_wconf 82' lang='lat' dir='ltr'><strong>apparentes,</strong></span> <span class='ocrx_word' id='word_1_201' title='bbox 2012 3374 2092 3464; x_wconf 82' lang='lat' dir='ltr'><strong>quat</strong></span> 
     </span>
     <span class='ocr_line' id='line_1_24' title="bbox 776 3465 2092 3592; baseline -0.002 -26"><span class='ocrx_word' id='word_1_202' title='bbox 776 3465 826 3566; x_wconf 81' lang='lat' dir='ltr'><strong>ad</strong></span> <span class='ocrx_word' id='word_1_203' title='bbox 857 3480 968 3592; x_wconf 87' lang='lat' dir='ltr'><strong>polos</strong></span> <span class='ocrx_word' id='word_1_204' title='bbox 1000 3476 1132 3560; x_wconf 87' lang='lat' dir='ltr'><strong>mrrndi</strong></span> <span class='ocrx_word' id='word_1_205' title='bbox 1166 3496 1206 3561; x_wconf 84' lang='lat' dir='ltr'><strong>et</strong></span> <span class='ocrx_word' id='word_1_206' title='bbox 1236 3475 1452 3562; x_wconf 82' lang='lat' dir='ltr'><strong>horizontis</strong></span> <span class='ocrx_word' id='word_1_207' title='bbox 1481 3478 1512 3564; x_wconf 94' lang='lat' dir='ltr'>P</span> <span class='ocrx_word' id='word_1_208' title='bbox 1542 3499 1587 3564; x_wconf 90' lang='lat' dir='ltr'><strong>et</strong></span> <span class='ocrx_word' id='word_1_209' title='bbox 1617 3468 1661 3564; x_wconf 90' lang='lat' dir='ltr'>Z</span> <span class='ocrx_word' id='word_1_210' title='bbox 1692 3481 1906 3588; x_wconf 73' lang='lat' dir='ltr'><strong>prolatare</strong></span> <span class='ocrx_word' id='word_1_211' title='bbox 1936 3505 2025 3566; x_wconf 85' lang='lat' dir='ltr'><strong>cum</strong></span> <span class='ocrx_word' id='word_1_212' title='bbox 2050 3473 2092 3563; x_wconf 89' lang='lat' dir='ltr'><strong>al·</strong></span> 
     </span>
     <span class='ocr_line' id='line_1_25' title="bbox 656 3592 2090 3728; baseline -0.002 -33"><span class='ocrx_word' id='word_1_213' title='bbox 656 3711 666 3728; x_wconf 38' lang='grc'><strong>.</strong></span> <span class='ocrx_word' id='word_1_214' title='bbox 774 3592 941 3696; x_wconf 81' lang='lat' dir='ltr'><strong>titudine</strong></span> <span class='ocrx_word' id='word_1_215' title='bbox 973 3605 1207 3717; x_wconf 87' lang='lat' dir='ltr'><strong>aequaturis,</strong></span> <span class='ocrx_word' id='word_1_216' title='bbox 1240 3603 1300 3691; x_wconf 87' lang='lat' dir='ltr'><strong>seu</strong></span> <span class='ocrx_word' id='word_1_217' title='bbox 1333 3607 1507 3693; x_wconf 88' lang='lat' dir='ltr'><strong>distantia</strong></span> <span class='ocrx_word' id='word_1_218' title='bbox 1537 3609 1619 3720; x_wconf 93' lang='lat' dir='ltr'><strong>poli</strong></span> <span class='ocrx_word' id='word_1_219' title='bbox 1636 3609 1772 3693; x_wconf 87' lang='lat' dir='ltr'><strong>mundi</strong></span> <span class='ocrx_word' id='word_1_220' title='bbox 1789 3633 1813 3691; x_wconf 90' lang='lat' dir='ltr'><strong>a</strong></span> <span class='ocrx_word' id='word_1_221' title='bbox 1832 3611 1980 3694; x_wconf 77' lang='lat' dir='ltr'><strong>vertice</strong></span> <span class='ocrx_word' id='word_1_222' title='bbox 1999 3675 2012 3716; x_wconf 89' lang='lat'>,</span> <span class='ocrx_word' id='word_1_223' title='bbox 2029 3607 2090 3692; x_wconf 70' lang='lat' dir='ltr'><strong>br·</strong></span> 
     </span>
     <span class='ocr_line' id='line_1_26' title="bbox 775 3729 2087 3846; baseline -0.002 -26"><span class='ocrx_word' id='word_1_224' title='bbox 775 3737 939 3821; x_wconf 89' lang='lat' dir='ltr'><strong>mabunt</strong></span> <span class='ocrx_word' id='word_1_225' title='bbox 969 3733 1201 3844; x_wconf 85' lang='lat' dir='ltr'><strong>triangulum</strong></span> <span class='ocrx_word' id='word_1_226' title='bbox 1222 3733 1473 3846; x_wconf 81' lang='lat' dir='ltr'><strong>&#39;sphaericum</strong></span> <span class='ocrx_word' id='word_1_227' title='bbox 1493 3729 1580 3822; x_wconf 87' lang='lat' dir='ltr'><strong>ZP</strong></span> <span class='ocrx_word' id='word_1_228' title='bbox 1597 3735 1631 3822; x_wconf 85' lang='lat' dir='ltr'>L</span> <span class='ocrx_word' id='word_1_229' title='bbox 1652 3801 1662 3840; x_wconf 90' lang='lat'>,</span> <span class='ocrx_word' id='word_1_230' title='bbox 1696 3736 1737 3824; x_wconf 85' lang='lat' dir='ltr'><strong>in</strong></span> <span class='ocrx_word' id='word_1_231' title='bbox 1762 3763 1840 3846; x_wconf 92' lang='lat' dir='ltr'><strong>quo</strong></span> <span class='ocrx_word' id='word_1_232' title='bbox 1856 3737 1956 3824; x_wconf 88' lang='lat' dir='ltr'><strong>datis</strong></span> <span class='ocrx_word' id='word_1_233' title='bbox 1972 3734 2087 3823; x_wconf 88' lang='lat' dir='ltr'><strong>omni-</strong></span> 
     </span>
     <span class='ocr_line' id='line_1_27' title="bbox 775 3859 2089 3976; baseline 0.002 -28"><span class='ocrx_word' id='word_1_234' title='bbox 775 3865 841 3948; x_wconf 90' lang='lat' dir='ltr'><strong>bus</strong></span> <span class='ocrx_word' id='word_1_235' title='bbox 870 3867 950 3949; x_wconf 89' lang='lat' dir='ltr'><strong>eius</strong></span> <span class='ocrx_word' id='word_1_236' title='bbox 1000 3864 1201 3969; x_wconf 86' lang='lat' dir='ltr'><strong>lateribus,</strong></span> <span class='ocrx_word' id='word_1_237' title='bbox 1251 3867 1407 3976; x_wconf 85' lang='lat' dir='ltr'><strong>angulus</strong></span> <span class='ocrx_word' id='word_1_238' title='bbox 1438 3869 1487 3952; x_wconf 92' lang='lat' dir='ltr'><strong>ad</strong></span> <span class='ocrx_word' id='word_1_239' title='bbox 1517 3885 1694 3952; x_wconf 87' lang='lat' dir='ltr'><strong>centrum</strong></span> <span class='ocrx_word' id='word_1_240' title='bbox 1745 3864 1880 3950; x_wconf 83' lang='lat' dir='ltr'><strong>Lunae</strong></span> <span class='ocrx_word' id='word_1_241' title='bbox 1932 3859 2089 3972; x_wconf 86' lang='lat' dir='ltr'>PLZ,</span> 
     </span>
     <span class='ocr_line' id='line_1_28' title="bbox 775 3993 2092 4100; baseline 0 -25"><span class='ocrx_word' id='word_1_242' title='bbox 775 4017 890 4100; x_wconf 89' lang='lat' dir='ltr'><strong>quem</strong></span> <span class='ocrx_word' id='word_1_243' title='bbox 924 3993 1082 4077; x_wconf 77' lang='lat' dir='ltr'><strong>circadas</strong></span> <span class='ocrx_word' id='word_1_244' title='bbox 1112 3993 1371 4078; x_wconf 84' lang='lat' dir='ltr'><strong>declinationis</strong></span> <span class='ocrx_word' id='word_1_245' title='bbox 1401 4021 1492 4080; x_wconf 85' lang='lat' dir='ltr'><strong>eum</strong></span> <span class='ocrx_word' id='word_1_246' title='bbox 1524 3993 1668 4079; x_wconf 90' lang='lat' dir='ltr'><strong>circulo</strong></span> <span class='ocrx_word' id='word_1_247' title='bbox 1698 3995 1903 4080; x_wconf 86' lang='lat' dir='ltr'><strong>altitudinis</strong></span> <span class='ocrx_word' id='word_1_248' title='bbox 1932 3996 2092 4100; x_wconf 77' lang='lat' dir='ltr'><strong>format,</strong></span> 
     </span>
     <span class='ocr_line' id='line_1_29' title="bbox 778 4116 2090 4244; baseline 0.006 -48"><span class='ocrx_word' id='word_1_249' title='bbox 778 4116 995 4244; x_wconf 82' lang='lat' dir='ltr'><strong>definietur.</strong></span> <span class='ocrx_word' id='word_1_250' title='bbox 1064 4120 1259 4205; x_wconf 75' lang='lat' dir='ltr'><strong>Praeterea</strong></span> <span class='ocrx_word' id='word_1_251' title='bbox 1301 4123 1339 4204; x_wconf 91' lang='lat' dir='ltr'><strong>in</strong></span> <span class='ocrx_word' id='word_1_252' title='bbox 1370 4124 1504 4207; x_wconf 89' lang='lat' dir='ltr'><strong>iisdem</strong></span> <span class='ocrx_word' id='word_1_253' title='bbox 1556 4122 1739 4234; x_wconf 74' lang='lat' dir='ltr'><strong>requisitis</strong></span> <span class='ocrx_word' id='word_1_254' title='bbox 1760 4123 1876 4208; x_wconf 75' lang='lat' dir='ltr'><strong>&#39;dattu</strong></span> <span class='ocrx_word' id='word_1_255' title='bbox 1906 4125 1957 4208; x_wconf 82' lang='lat' dir='ltr'><strong>ad</strong></span> <span class='ocrx_word' id='word_1_256' title='bbox 1988 4145 2090 4235; x_wconf 88' lang='lat' dir='ltr'><strong>qnam</strong></span> 
     </span>
     <span class='ocr_line' id='line_1_30' title="bbox 776 4243 2091 4376; baseline 0.001 -41"><span class='ocrx_word' id='word_1_257' title='bbox 776 4243 872 4335; x_wconf 72' lang='lat' dir='ltr'><strong>ibet</strong></span> <span class='ocrx_word' id='word_1_258' title='bbox 899 4249 1213 4340; x_wconf 79' lang='lat' dir='ltr'><strong>obseruationem</strong></span> <span class='ocrx_word' id='word_1_259' title='bbox 1243 4248 1406 4376; x_wconf 81' lang='lat' dir='ltr'><strong>plraseos</strong></span> <span class='ocrx_word' id='word_1_260' title='bbox 1435 4249 1610 4342; x_wconf 83' lang='lat' dir='ltr'><strong>distantia</strong></span> <span class='ocrx_word' id='word_1_261' title='bbox 1639 4273 1859 4340; x_wconf 81' lang='lat' dir='ltr'><strong>tenuatum</strong></span> <span class='ocrx_word' id='word_1_262' title='bbox 1898 4249 2029 4342; x_wconf 83' lang='lat' dir='ltr'><strong>Lunae</strong></span> <span class='ocrx_word' id='word_1_263' title='bbox 2057 4263 2091 4328; x_wconf 85' lang='lat' dir='ltr'><strong>et</strong></span> 
     </span>
     <span class='ocr_line' id='line_1_31' title="bbox 790 4399 2089 4464; baseline -0.002 0"><span class='ocrx_word' id='word_1_264' title='bbox 790 4419 821 4436; x_wconf 94' lang='lat'><strong>··</strong></span> <span class='ocrx_word' id='word_1_265' title='bbox 1241 4419 1247 4438; x_wconf 77' lang='lat'>=</span> <span class='ocrx_word' id='word_1_266' title='bbox 2008 4399 2089 4464; x_wconf 79' lang='lat' dir='ltr'><strong>rm·</strong></span> 
     </span>
    </p>
   </div>
   <div class='ocr_carea' id='block_1_7' title="bbox 0 0 2242 5895">
    <p class='ocr_par' dir='ltr' id='par_1_7' title="bbox 0 0 2242 5895">
     <span class='ocr_line' id='line_1_32' title="bbox 0 0 2242 5895; baseline 0 0"><span class='ocrx_word' id='word_1_267' title='bbox 0 0 2242 5895; x_wconf 95' lang='lat' dir='ltr'><strong> </strong></span> 
     </span>
    </p>
   </div>
  </div>
 </body>
</html>
