4475 5900
509 457 592 559 nn
631 459 856 565 numne
888 461 1168 609 nrmms.
1422 472 1515 587 ἰιι

190 691 332 787 anima
347 689 704 807 sefricat,deorsom
720 698 1096 814 pendent,nulloque
1112 697 1403 817 impedimento
1418 704 1515 793 sunt.

188 827 362 916 Multum
395 824 445 910 ab
476 826 587 911 initio
625 828 794 913 dubitaui
842 846 1044 941 antequam
1074 831 1185 917 usum
1225 832 1515 945 unguiculorum

187 956 229 1040 in
259 954 356 1039 vitris
385 952 634 1041 animantibus
661 979 887 1066 cernerem,
918 960 1010 1068 quid
1041 959 1109 1044 fibi
1138 985 1286 1071 vngues
1314 960 1359 1044 hi
1375 962 1415 1045 in
1431 986 1516 1047 me-

186 1084 259 1169 diis
289 1082 497 1192 digitorum
529 1081 673 1168 laciniis
702 1085 844 1192 uelint,
875 1110 966 1171 cum
995 1111 1069 1172 nec
1099 1088 1414 1199 apprehenfioni,
1444 1112 1519 1176 nee
1616 1165 1643 1211 „

188 1207 339 1296 inceffui
369 1209 559 1295 firmamo
589 1212 821 1320 inseminnt,
850 1212 877 1297 fi
907 1234 1040 1300 autem
1082 1234 1279 1300 extremas
1318 1215 1522 1329 epiphyses

188 1337 465 1446 terminarent,
513 1358 561 1423 ιι
593 1340 635 1423 in
663 1341 743 1424 aliis
775 1340 1021 1452 animalibus,
1069 1342 1166 1427 nihil
1212 1347 1376 1429 omnino
1426 1368 1520 1456 pro·

189 1465 363 1573 delient,
397 1466 481 1578 quia
514 1465 604 1551 nulli
635 1465 750 1551 stabili
782 1472 966 1579 corpori,
998 1493 1139 1555 verum
1171 1464 1285 1555 molli
1301 1470 1423 1557 ultim
1441 1495 1523 1557 crr-

190 1594 336 1705 tilagini
367 1592 509 1681 affixae
540 1592 695 1681 forent:
728 1581 833 1682 Sulci
863 1615 993 1682 autem
1023 1595 1150 1683 subtus
1166 1600 1324 1709 pedibus
1347 1598 1521 1743 insculpti

189 1722 360 1808 efficiunt
378 1746 501 1833 ,quo
531 1720 679 1809 fionius
706 1722 853 1809 lubricis
868 1722 962 1811 saxis
992 1725 1180 1835 inlistere,
1213 1750 1258 1809 ac
1274 1726 1427 1839 super
1402 1750 1446 1810 ns
1461 1726 1523 1809 ιιι·

184 1851 323 1962 cedere
353 1848 505 1960 poffint

305 1973 414 2064 Cutis
441 1996 622 2090 quatenus
652 1979 740 2089 pilis
768 1981 906 2067 orba
892 1998 947 2066 ιιι
980 1979 1148 2067 firmiter
1173 1978 1348 2067 inhaeret
1363 1880 1520 2089 nisibus,

190 2125 231 2193 et
262 2106 443 2193 mollibus
457 2107 749 2219 cartilaginibus,
782 2125 827 2190 vt
843 2108 1073 2194 nullomodo
1089 2109 1178 2193 inde
1203 2109 1362 2219 separari
1378 2107 1523 2221 polht,

191 2234 261 2321 nist
292 2236 459 2321 semente
490 2259 614 2345 aqua,
646 2253 711 2319 aut
728 2233 975 2346 ustulatione,
1007 2261 1103 2347 quae
1118 2262 1177 2322 res
1193 2234 1525 2353 parandogexuuio

191 2389 347 2450 moram
382 2389 463 2446 non
494 2364 671 2470 exiguam
707 2365 894 2471 imponit.

311 2485 443 2575 Cauda
473 2501 577 2573 curta
605 2489 772 2595 conica,
805 2492 912 2602 apice
934 2487 1173 2597 acuminata,
1204 2514 1245 2569 2.
1266 2488 1422 2600 pollices
1438 2486 1524 2573 lon-
1610 2508 1611 2511 ‘
1644 2524 1649 2533 ι

191 2646 263 2734 ga,
297 2618 382 2731 post
414 2642 530 2703 anum
563 2615 746 2726 depretia,
772 2616 814 2699 in
843 2618 1045 2702 interstitio
1075 2617 1219 2728 pedum
1254 2616 1412 2701 haerens
1428 2681 1441 2725 ,
1457 2641 1527 2703 cu-

191 2770 233 2835 te
264 2742 381 2860 piloh
412 2746 501 2831 laxe
531 2747 816 2853 circumdatur,
848 2746 903 2831 ita
951 2763 999 2828 ιι
1030 2748 1107 2833 oua
1156 2749 1296 2830 caudae
1328 2744 1391 2829 sub
1440 2759 1526 2831 cute

191 2877 311 2966 ueluti
341 2874 479 2988 tegna
511 2870 723 2969 recondita
752 2872 853 2983 lint,
883 2899 927 2962 ac
960 2899 1034 2984 pro
1065 2874 1185 2960 lubitu
1234 2874 1364 2961 emitti
1393 2890 1434 2958 et
1465 2898 1524 2958 re-

192 3008 279 3096 duci
309 3005 460 3116 pollnt.

311 3133 422 3218 Penis
457 3157 528 3214 ιι
560 3131 699 3243 digitos
726 3129 894 3244 longus,
924 3063 1043 3218 fulcro
1071 3127 1247 3232 offeos.
1268 3125 1424 3240 pollices
1440 3127 1519 3216 lon·
1622 3183 1624 3186 -
1812 3109 1824 3130 ’

193 3289 248 3377 go
280 3261 532 3411 praefinimr,
562 3261 735 3344 eiusdem
766 3261 947 3366 fonnm,
981 3284 1025 3343 ac
1063 3260 1106 3341 in
1131 3257 1225 3342 luna
1243 3263 1405 3343 marina.
1432 3237 1522 3342 Pon

193 3392 353 3480 hictum
386 3394 496 3503 penis
521 3389 664 3476 ornum
695 3415 857 3503 corpora
889 3384 1083 3500 spongiosa
1123 3385 1318 3475 habentur.

312 3516 492 3606 Scrotum
525 3519 621 3603 inira
653 3543 799 3626 anum,
829 3520 922 3604 cutis
952 3517 1039 3628 pilis
1066 3539 1193 3602 carens
1231 3515 1371 3625 nigra,
1409 3535 1524 3624 nugo-

193 3649 263 3758 sa,
296 3648 479 3734 testiculos
507 3649 601 3732 duos
633 3646 822 3756 oblongos
851 3647 1022 3732 inuoluit.
1104 3646 1107 3650 ’

313 3775 424 3861 Anus
453 3777 495 3859 in
526 3775 675 3860 extima
707 3778 874 3886 corporis
904 3791 1009 3886 parte
1036 3772 1134 3857 intra
1173 3769 1290 3882 pedes
1336 3769 1523 3880 posterio-

194 3934 268 3994 res.
332 3893 543 4018 Sphind’t'er
570 3903 635 3992 aui
663 3905 773 3990 laxus
803 3902 947 4012 valde,
995 3902 1102 4013 nigra
1153 3897 1283 4010 rugosa
1321 3916 1410 3983 cute
1450 3889 1525 3980 ob·
1619 4003 1622 4010 ¹

193 4039 355 4125 ducitur.

316 4160 427 4248 Curis
474 4160 616 4262 cradi,
667 4176 714 4245 nt
760 4159 800 4244 in
850 4159 1007 4270 phoca:
1060 4159 1130 4269 pili
1165 4173 1212 4242 ut
1262 4156 1303 4240 in
1365 4151 1521 4268 phoca,

198 4292 261 4378 scd
295 4289 504 4404 qnadmplo
536 4291 684 4387 altiores
713 4313 758 4373 ac
789 4288 907 4372 erecti
938 4286 1123 4399 valdeque
1153 4287 1264 4370 dense
1281 4284 1427 4398 ponti:
1444 4281 1526 4368 im·

200 4421 272 4589 dus
300 4420 393 4504 cutis
424 4416 642 4525 mollitiima
672 4415 846 4527 lanugine
876 4418 1045 4526 reginu,
1076 4439 1173 4530 quae
1203 4413 1342 4529 lanugo
1370 4405 1531 4532 spadicei

771 4543 935 4629 Vra
1459 4525 1526 4621 uel
1672 4569 1675 4576 ’
