4475 5900
1366 421 1490 559 (8)
1879 548 1882 560 .

768 677 896 770 eareat
934 659 1152 786 mysteria3
1191 697 1276 762 non
1312 668 1532 762 admodum
1571 669 1694 762 firmo
1731 671 1804 762 uiti
1834 665 2119 779 fundamento,⁸

769 809 868 897 serio
916 791 1089 894 dolendo
1138 803 1323 897 iacturam
1371 801 1566 916 temporit
1603 819 1646 890 et
1686 803 1828 892 laboris
1866 805 2031 892 inbac.
2049 801 2116 889 de

769 937 940 1027 numeria
971 933 1150 1050 persentis
1180 932 1435 1047 disquisitione
1464 930 1761 1058 collocatorum.

778 1223 830 1308 G.
858 1227 920 1314 W.
945 1229 1174 1316 KRAFF'I'II
1204 1225 1529 1411 DibSElgfflR
1563 1225 1630 1308 DE
1670 1223 1881 1310 uuum
1928 1227 2121 1310 abuen-

773 1549 1071 1747 Propriemtes
1108 1583 1227 1652 certas
1256 1590 1511 1652 numemmm
1548 1559 1616 1652 uel
1645 1561 1900 1652 mediocriter
1938 1561 1977 1648 in
2010 1559 2116 1648 Ma·

876 1693 974 1780 tbesr
1007 1695 1173 1782 uersatus
1210 1696 1293 1780 casu
1332 1697 1537 1802 inuenire,
1574 1693 1734 1783 easdem,
1766 1713 1895 1779 autem
1936 1693 2113 1778 demon-

775 1821 890 1906 strare
928 1838 1009 1905 non
1052 1849 1170 1934 aeque
1209 1823 1321 1910 facile
1362 1824 1546 1936 ualebat,
1585 1823 1770 1933 quoniam
1808 1822 1919 1948 baud⁸
1942 1821 2118 1930 uulgaria

771 1947 1049 2059 saepenumero
1094 1951 1144 2033 ad
1190 1948 1233 2032 id
1269 1949 1513 2036 efficiendum
1557 1951 1758 2060 requiritur
1797 1949 1990 2063 sagacitas.
2054 1947 2118 2032 Iu

774 2073 879 2160 hanc
909 2073 1065 2161 claffem
1106 2073 1345 2160 referendum
1385 2076 1438 2161 est
1477 2076 1680 2190 problema
1715 2080 1821 2190 quod
1861 2079 1930 2164 subi
1961 2075 2119 2162 soluen-

772 2203 885 2290 dum'
903 2201 1035 2289 sumsrt
1064 2194 1136 2288 Cr·
1164 2202 1345 2293 Krafftins
1380 2207 1430 2290 de
1463 2206 1640 2296 Nemetis
1672 2201 1971 2317 Amicabilibus,
2001 2201 2116 2316 quod

737 2365 742 2374 ¹
776 2333 978 2456 Algebrae
1012 2333 1150 2445 regulis
1192 2332 1319 2425 subiici
1360 2330 1472 2446 porse
1511 2337 1616 2446 baud
1647 2342 1828 2449 putauit,
1860 2340 1927 2450 qni
1959 2335 2120 2448 primus

774 2457 922 2549 horum
957 2486 1210 2548 numerorum
1242 2463 1486 2550 mentionem
1519 2466 1673 2572 iniecit,
1708 2459 1990 2554 Celeberrimos
2005 2464 2117 2548 olim

773 2587 1057 2687 Arithmeticus
1096 2588 1298 2680 Stiefeb'us.
1364 2589 1593 2704 Superatum
1643 2620 1667 2678 a
1706 2588 1879 2682 Cartefio
1929 2589 2119 2703 difficilli-

776 2742 888 2804 mum
920 2710 998 2802 hoc
1031 2717 1108 2802 effe
1137 2718 1343 2832 problema
1381 2721 1546 2806 ostendit
1573 2723 1636 2805 uir
1667 2717 1732 2808 Cl.
1767 2727 1949 2834 quidem,
1976 2721 2041 2805 sed
2072 2733 2119 2802 et

779 2861 921 2955 notat,
954 2847 1073 2932 nimis
1103 2847 1281 2959 angustos
1309 2851 1498 2933 terminos
1528 2849 1599 2962 ipsr
1617 2850 1761 2961 politos
1778 2833 1883 2965 else,
1922 2850 2120 2967 quoniam

776 2974 915 3069 solutio
955 2975 1147 3098 eiusdem·
1168 2979 1267 3061 intra
1305 2980 1497 3085 potentias
1527 2978 1664 3061 binarii
1684 2982 1868 3063 noncmsa
1898 2978 1978 3081 fit,
2011 2976 2124 3059 curius

775 3120 907 3197 tamen
948 3098 1193 3191 restrictionis
1234 3100 1403 3183 minime
1451 3099 1636 3205 indigeat.
1701 3103 1811 3187 Haec
1857 3100 1998 3187 omnia
2039 3106 2119 3187 rite

780 3246 822 3319 et
852 3224 1042 3333 eleganter
1072 3226 1114 3313 iu
1148 3216 1407 3311 differtatione
1439 3222 1547 3332 ipsa,
1586 3250 1680 3335 quae
1712 3246 1911 3340 praeterea
1941 3230 2120 3341 plutima

753 3340 853 3445 'alia
882 3348 931 3437 ad
962 3350 1062 3445 hanc
1093 3350 1307 3441 dodanam
1337 3344 1547 3457 spectantia
1580 3357 1784 3474 continet,
1816 3358 1997 3471 exposrta
2017 3358 2118 3444 suunt.

783 3479 977 3573 Omnibus
1008 3502 1132 3589 ergo,
1162 3478 1295 3569 nostro
1327 3478 1488 3597 quidem
1517 3480 1688 3588 iudici0,
1720 3490 1785 3599 qui
1816 3486 1919 3575 banc
1953 3485 2122 3573 Mathe·

782 3608 863 3693 sens
895 3624 1046 3717 partem
1080 3604 1280 3693 aestimare
1313 3604 1469 3713 valent,
1518 3607 1843 3725 solutionibusque
1889 3617 2123 3729 problema·

782 3757 869 3832 tum
900 3734 1248 3855 diaphantaeorum
1279 3734 1551 3845 delcetantur,
1581 3735 1793 3824 differtatio
1837 3740 1935 3832 haec
1951 3748 2124 3838 mirum

782 3884 969 3989 quantum
1030 3863 1237 3981 placebit,
1284 3860 1510 3974 praesertim
1562 3865 1633 3967 su,
1682 3893 1780 3977 quae
1831 3866 2127 3964 celeberrimus

781 3994 944 4087 Eulerus
975 3990 1027 4089 de
1059 3988 1120 4083 his
1150 3990 1317 4079 numeris
1348 3992 1520 4079 iunonis
1560 3992 1672 4081 Artis
1704 3994 1960 4086 Eruditorum
1999 4001 2127 4101 Men.

779 4118 970 4219 seMaio
1010 4135 1129 4225 1747
1163 4143 1205 4229 p.
1244 4124 1334 4223 269
1370 4117 1578 4237 expalluit,
1611 4118 1869 4223 conferantur,

1869 4359 2128 4483 ‚w-
