4475 5900
1323 420 1485 554 (ω)

741 677 813 768 bus
844 675 1050 764 artificibus
1085 675 1283 783 tribuaot'3
1323 695 1437 784 quam
1470 669 1557 782 ipis
1586 663 1870 751 mathematicis
1908 655 2074 751 mechass

742 813 873 896 nicam
907 805 1110 891 scientifice
1141 802 1370 890 callentibus.
1436 801 1518 916 Qui
1551 800 1678 907 itaque
1695 796 1872 902 mirum,
1901 801 2073 878 cinamo-

744 936 786 1022 di
816 934 980 1021 artifices
1018 959 1111 1048 prae
1144 930 1298 1017 scientia
1339 928 1402 1012 sua
1431 924 1678 1012 intumescere
1710 943 1749 1007 et
1782 924 2074 1008 remonstratio·

744 1087 813 1149 nes
844 1061 1207 1150 mathematiconun
1251 1057 1379 1142 audire
1410 1057 1530 1141 nolle.
1595 1053 1708 1140 Hisce
1742 1053 1939 1164 principiis
1970 1051 2075 1136 inni·

744 1215 818 1278 xus
847 1209 959 1275 antor
989 1189 1104 1302 plane
1137 1213 1219 1272 uon
1251 1184 1398 1285 dubitat
1428 1184 1573 1270 eodem
1605 1183 1729 1267 modo
1759 1204 1848 1264 rem
1880 1179 2076 1264 sehabere

741 1321 841 1404 circa
870 1317 1116 1430 horologium
1157 1315 1253 1400 istud
1290 1334 1520 1424 perpetuum
1567 1309 1745 1415 mobile,
1776 1311 1938 1421 dequo
1969 1308 2075 1394 frma

742 1448 786 1532 in
818 1444 982 1532 nouellis
1013 1445 1172 1558 publicis
1202 1440 1388 1552 superiori
1417 1465 1521 1526 anuo
1552 1440 1676 1524 multa
1708 1437 1956 1547 praedicabat.
1991 1438 2075 1524 Re

743 1575 866 1660 lauru
902 1574 1014 1660 fimul
1054 1588 1165 1680 erat,
1202 1567 1392 1656 artificem
1423 1570 1538 1656 istum
1570 1567 1783 1655 volscum,
1824 1563 2075 1676 horologium

744 1701 872 1788 hocce
896 1701 965 1786 tali
995 1727 1087 1814 curn
1117 1701 1392 1812 praecautione
1419 1691 1704 1808 composuisse,
1738 1695 1844 1805 qnod
1877 1716 1997 1779 nemo
2012 1719 2076 1777 ar·

743 1831 909 1948 cilicium
950 1827 1084 1940 absque
1123 1826 1228 1938 quod
1266 1845 1346 1910 tota
1379 1823 1618 1911 machinatio
1647 1843 1827 1928 corruat,
1865 1820 2076 1936 perspicere

746 1955 892 2072 polht,
931 1983 1024 2042 cum
1065 1973 1201 2040 tamen
1245 1978 1325 2037 uon
1363 1979 1486 2038 nemo
1527 1952 1708 2037 facillime
1739 1950 1818 2036 hoc
1849 1975 2074 2061 praecauere

704 2121 709 2132 ·
746 2086 904 2198 pollet,
946 2085 974 2170 li
1015 2110 1109 2199 aqua
1151 2080 1354 2193 impletam
1394 2081 1618 2170 machinam
1656 2079 1789 2194 frigori
1828 2103 2078 2194 exponeret,

748 2236 789 2299 et
823 2212 1060 2323 conglaciato
1090 2213 1253 2298 demum
1285 2238 1381 2326 aqua
1410 2237 1642 2326 compagem
1676 2209 1905 2296 dissolueret.
1973 2209 2073 2296 Nul-

748 2341 832 2428 lum
865 2364 1061 2456 praeterea
1093 2343 1195 2428 soret
1226 2343 1422 2451 dubium,
1448 2347 1550 2453 quod
1581 2342 1610 2426 fi
1641 2334 1890 2451 horologium
1922 2342 2076 2452 sequen·

747 2471 845 2558 tibus
876 2472 1116 2583 temporibus
1147 2495 1286 2556 verum
1318 2490 1553 2584 perpetuum
1589 2472 1736 2555 mobile
1768 2468 1861 2552 esset
1878 2487 2076 2584 repertum

745 2597 893 2686 samam
933 2596 1010 2686 hoc
1034 2681 1038 2690 ,
1060 2625 1142 2684 non
1181 2595 1402 2708 reticuisse,
1456 2600 1520 2684 sed
1559 2598 1680 2683 alurm
1714 2622 1767 2682 ex
1799 2622 1851 2682 eo
1892 2610 2076 2709 tempore

749 2727 821 2813 hac
862 2728 980 2814 dere
1012 2727 1081 2813 suit
1111 2727 1316 2816 filentimn..
1378 2727 1543 2815 Interim
1582 2726 1674 2811 licet
1719 2746 1833 2811 autor
1869 2724 2078 2834 desperet,
2221 2764 2227 2786 ·

749 2877 942 2967 umquam
974 2857 1050 2940 tale
1082 2873 1311 2969 perpetuum
1343 2852 1492 2942 mobile
1522 2853 1631 2967 poffe
1660 2856 1856 2959 construi,
1892 2852 1998 2938 cuius
2013 2855 2078 2939 vis

720 2988 904 3079 motrix,
943 3009 996 3069 ex
1037 2988 1193 3069 interno
1232 2986 1427 3095 principio
1466 2971 1690 3092 dependens
1739 2986 1785 3069 srt
1821 2981 1993 3091 constane
2031 3003 2073 3067 et

747 3112 964 3223 continua,
1004 3129 1140 3195 tamen
1182 3113 1337 3219 publico
1378 3134 1461 3195 uon
1503 3118 1695 3219 ingratum
1735 3110 1819 3193 sote
1863 3111 2004 3218 dtrxit,
2045 3110 2075 3196 si

749 3236 994 3344 horologium
1020 3236 1105 3337 hac
1144 3238 1346 3321 occafione
1384 3263 1408 3320 a
1447 3238 1484 3322 se
1515 3237 1780 3347 excogitatum
1825 3238 2076 3347 destriberet‚

749 3366 853 3475 quod
891 3364 1049 3473 quidem
1089 3388 1172 3448 nou
1211 3390 1263 3449 ex
1306 3367 1500 3478 principio
1539 3369 1719 3469 interm,
1759 3363 1820 3450 sed
1850 3386 1979 3453 tameo
2021 3390 2076 3452 ex

737 3506 918 3576 'externo
948 3491 1136 3578 continuo
1167 3514 1325 3577 motum
1357 3494 1464 3579 suum
1498 3492 1539 3575 in
1571 3512 1827 3605 perpetuum,
1859 3520 1975 3606 quam
2007 3497 2075 3579 diu

749 3620 892 3704 scilicet
927 3618 1062 3705 eadem
1103 3646 1232 3705 terum
1273 3641 1407 3706 natura
1447 3624 1643 3724 manebit,
1683 3622 1891 3706 continuet.
1958 3621 2075 3735 Iuge-

744 3772 825 3843 rtue
867 3773 1020 3860 quoque
1060 3750 1224 3857 fatetur,
1260 3746 1296 3832 se
1328 3752 1443 3860 plane
1474 3774 1553 3835 non
1587 3744 1804 3833 exhibuisse
1825 3815 1827 3820 .
1845 3773 2074 3863 perpetuum

747 3874 837 3961 illud
870 3874 1019 3985 mobile
1051 3900 1073 3959 a
1104 3878 1265 3988 pluribus
1296 3876 1588 3963 mathematicis
1617 3892 1700 3961 tam
1717 3881 1829 3961 anxie
1848 3878 2073 3991 quaestuum,

746 4002 809 4087 sed
853 4023 1003 4089 tantum
1046 4005 1244 4114 naturale,
1280 4006 1389 4091 cuius
1411 4006 1477 4091 ad
1508 4006 1618 4093 usum
1657 4005 1854 4117 publicum
1887 4008 1959 4091 rix
1993 4008 2072 4094 vlla

746 4130 819 4212 erit
859 4131 1093 4241 implicatio,
1141 4133 1210 4217 nisr
1246 4130 1429 4244 quatenu‘s
1469 4136 1604 4221 curiosi
1645 4138 1842 4245 ingenium
1881 4136 2073 4221 delestrte

746 4256 863 4341 valet.
930 4254 1033 4343 Cum
1083 4266 1187 4347 en²tu
1238 4259 1356 4346 hodie
1404 4261 1639 4372 horologia,
1678 4289 1773 4372 quae
1815 4290 1886 4374 per
1926 4246 2071 4349 aunum

743 4400 899 4474 motum
930 4388 1041 4474 suum
1070 4389 1205 4506 absque
1237 4413 1341 4475 noua
1369 4392 1551 4507 ponderis
1579 4390 1798 4512 electatione
1830 4396 2068 4513 continuant,

1933 4522 2073 4609 eadem
