4475 5900
775 534 874 628 ·828
1119 523 1216 618 'DE
1243 519 1458 616 uumss
1488 519 1754 616 Mensura.

901 749 1054 840 Accidit
1084 753 1305 868 aliquoties,
1336 771 1381 837 ut
1411 750 1585 837 animalia
1613 749 1708 834 haec
1740 747 1837 832 circa
1863 751 2096 856 promonso·
2214 787 2215 858 ,

715 993 718 997 ἴ
783 883 886 966 rium
916 881 1142 967 Kronozlcoi
1174 885 1260 970 Nos
1284 883 1432 966 dietum
1449 903 1566 988 aeque
1583 902 1626 978 ac
1641 879 1738 958 circa
1755 875 1874 958 smum
1891 875 2095 959 Awarstha
2214 881 2215 936 l

716 1003 719 1013 ’
783 1010 1120 1118 atempestaribus
1149 1029 1300 1094 mortua
1316 1009 1616 1110 eliminarentur,
1639 1021 1822 1086 vocantur
1837 1027 1858 1083 a
1876 999 2095 1084 Kamrstha-

715 1210 717 1217 .
783 1133 876 1222 dalis
916 1136 969 1218 ob
1012 1138 1157 1221 nissum
1190 1133 1251 1220 sua
1291 1137 1417 1244 lingua
1458 1128 1694 1240 Kapustnik,
1730 1117 1894 1230 Ruunt
1938 1114 2094 1246 Quales·

783 1285 898 1368 quam
931 1287 1033 1345 rem
1046 1267 1207 1348 demum
1239 1262 1326 1373 poll
1369 1261 1536 1344 reditum
1575 1276 1706 1358 1742.
1751 1253 1928 1366 cognoui.
1980 1254 2095 1400 Quod

769 1388 946 1496 ‚denique
977 1390 1025 1472 ad
1060 1393 1166 1473 usum
1199 1392 1363 1498 partium
1404 1385 1511 1468 huius
1559 1382 1728 1466 animalis
1781 1384 1948 1488 attinet,

784 1511 898 1596 crassa
927 1511 1040 1598 firma
1071 1541 1116 1598 ac
1146 1533 1266 1598 tenax
1290 1516 1338 1598 ab
1370 1509 1603 1596 Americanis
1628 1511 1678 1592 ad
1708 1506 1821 1592 soleas
1848 1497 2093 1618 calceomin,

784 1639 962 1745 cingula,
980 1645 1164 1747 prodente
1196 1641 1438 1738 Hemandes,
1476 1635 1712 1720 adhibentur.
1746 1630 1891 1718 Cutem
1923 1635 2091 1720 audioa

696 1831 735 1876 ,.
783 1762 1043 1850 Tschuktschis
1083 1769 1130 1851 ad
1162 1767 1286 1850 lintres
1325 1764 1524 1870 adhiberi,
1565 1767 1626 1872 qui
1659 1761 1816 1852 eandem
1868 1761 2008 1844 baculis
2040 1761 2094 1844 di·

784 1886 952 1974 stendere
985 1913 1024 1975 et
1054 1895 1193 1977 eadem
1224 1896 1371 1976 ratione
1402 1890 1575 1998 usrupare
1617 1886 1755 1994 solent,
1795 1913 1840 1972 ac
1869 1885 2092 1972 Koraeccica

628 2034 632 2040 “
709 2113 713 2121 ,
784 2036 878 2122 gens
925 2021 1027 2104 coria
1068 2019 1280 2128 phocarum
1311 2020 1569 2104 maximarum
1608 2014 1777 2100 Lachtak
1815 2014 2020 2098 distamm.
2073 2049 2077 2060 ²

900 2143 1097 2252 Pinguedo
1128 2146 1191 2226 sub
1221 2149 1379 2228 cuticula
1410 2160 1449 2224 et
1480 2161 1561 2224 cute
1595 2159 1721 2226 totum
1749 2165 1888 2250 corpus
1924 2143 2093 2225 ambiens
2214 2199 2215 2204 a

783 2265 961 2378 palmum
979 2335 991 2375 ,
1009 2271 1049 2358 in
1065 2269 1249 2380 aliquibru
1276 2272 1368 2355 locis
1397 2269 1468 2352 uix
1486 2291 1567 2350 non
1584 2269 1811 2354 dodrantem
1827 2267 1962 2374 crassi,
1988 2269 2092 2376 glan·

783 2393 937 2503 dulosa,
967 2396 1193 2502 consistens,
1224 2398 1411 2497 candida,
1444 2392 1510 2482 soli
1542 2417 1637 2480 uero
1666 2395 1837 2506 exposta
1868 2393 1992 2500 butyri
2008 2419 2094 2478 ma·

784 2519 865 2606 ialis
894 2522 1006 2610 instar
1036 2521 1261 2630 flauescens,
1293 2542 1336 2608 ut
1367 2517 1559 2632 gratissrmi
1590 2523 1717 2606 odoris
1733 2524 1783 2604 ica
1798 2541 1838 2604 et
1853 2516 1995 2629 saporis
2012 2521 2093 2630 est,

783 2671 872 2732 cum
904 2647 1005 2734 nulla
1033 2650 1268 2733 marinorum
1300 2649 1522 2732 animalium
1565 2650 1791 2759 pinguedine
1839 2646 2095 2755 conserenda,

786 2773 877 2882 quin
909 2776 991 2858 imo
1020 2776 1304 2892 quadrupedum
1339 2776 1445 2882 adipi
1483 2775 1597 2882 longe
1646 2775 1937 2884 anteponenda:
1988 2799 2097 2884 prae-

786 2916 956 3010 terquam
989 2903 1126 3008 enim,
1157 2903 1257 3014 quod
1289 2901 1488 2989 diutissime
1527 2904 1643 2985 etiam
1693 2900 1918 2987 calidissimis
1964 2901 2097 2991 diebus

783 3022 990 3111 consenrari
1021 3026 1175 3137 potest,
1205 3053 1277 3113 nec
1308 3052 1536 3135 rancorem,
1567 3047 1634 3113 aut
1650 3028 1843 3115 foetorem
1859 3029 1985 3115 ullum
2001 3052 2098 3115 con-

784 3152 929 3261 trahit,
959 3154 1121 3237 excussa
1153 3154 1202 3241 ie
1231 3154 1347 3241 dulcis
1376 3175 1416 3239 et
1446 3154 1598 3263 sapida,
1630 3174 1675 3239 ut
1704 3178 1824 3241 omne
1853 3154 1979 3263 butyri
2000 3157 2099 3243 defi·
2213 3214 2214 3285 q

786 3278 936 3363 derium
965 3282 1074 3364 nobis
1102 3282 1298 3366 excusserit
1318 3280 1496 3391 ,sapore
1525 3278 1645 3365 senne
1677 3282 1724 3365 ad
1756 3283 1886 3367 oleum
1911 3287 2100 3395 amygda-

785 3404 903 3493 larum
934 3378 1096 3493 dulcium
1128 3408 1298 3515 accedit,
1329 3408 1539 3554 iisdemque
1569 3406 1691 3493 usibus
1722 3408 1901 3494 omnibus
1917 3414 2101 3519 ,quiboe

780 3530 992 3667 butyrum,
1005 3535 1168 3620 destinari
1202 3537 1341 3645 potesl.
1376 3536 1418 3619 in
1450 3534 1623 3643 lampade
1654 3536 1753 3619 clare
1780 3538 1915 3645 absque
1930 3534 2041 3621 sinnn
2059 3560 2101 3625 et

785 3635 939 3744 foetore
969 3664 1084 3745 ardet.
1148 3660 1238 3747 Nec
1270 3662 1366 3747 sorte
1397 3661 1473 3745 eius
1505 3659 1627 3746 usus
1617 3687 1654 3744 tn
1686 3662 1876 3747 medicina
1919 3685 2102 3751 contem·

691 3832 694 3838 ‚
784 3787 928 3875 nundus
956 3786 1039 3891 est,
1087 3790 1230 3899 quippe
1261 3790 1387 3874 aluum
1418 3788 1550 3875 leniter
1581 3787 1714 3895 soluit,
1759 3788 1908 3899 poculis
1955 3792 2103 3877 ebibita

783 3936 908 4024 neque
939 3913 1143 4021 nauseant,
1183 3941 1304 4026 neque
1344 3919 1531 4025 appetitus
1546 3914 1798 4001 deiectionem
1816 3938 2025 4025 procurat,
2059 3940 2105 4003 cr

784 4058 832 4123 ut
860 4062 955 4151 puto
982 4042 1171 4125 calculosre
1205 4043 1351 4151 pluris,
1384 4064 1495 4151 quam
1530 4041 1606 4126 ossa
1637 4042 1887 4129 masticatoria
1920 4046 1983 4129 seu
2001 4046 2108 4157 lapi,
2212 4004 2213 4067 l

786 4166 851 4255 dee
879 4168 929 4253 sic
960 4168 1052 4255 diui
1084 4168 1233 4253 Manati
1266 4169 1468 4280 prodesset.
1541 4168 1734 4276 Pinguedo
1780 4172 1919 4254 caudae
1968 4172 2107 4258 durior
2212 4180 2213 4259 l

785 4314 831 4381 ac
869 4296 1123 4381 consistentior
1159 4299 1329 4408 adeoque
1375 4295 1484 4383 codsa
1535 4296 1734 4381 delicatior.
1825 4296 1935 4383 Cam
1984 4298 2103 4387 fibris

786 4420 1074 4537 quodammodo
1102 4424 1366 4532 robustioribcu
1394 4450 1438 4511 ac
1470 4421 1695 4510 crassron'bus
1710 4448 1753 4511 ac
1769 4424 1903 4513 bubula
1920 4426 2114 4639 couslqp,

1990 4578 2042 4641 ru
2076 4582 2111 4641 r-
