4475 5900
767 442 859 530 202⁸
886 324 1921 525 nnuuusu.aattcan1t1ntfs‚mnvn
1938 390 2098 499 amr
2196 343 2197 346 Ὗ

761 646 969 759 allegantur
999 640 1069 727 soli
1101 663 1191 723 220
1221 656 1265 723 et
1294 649 1419 749 2843
1445 630 1659 745 diciturque
1688 628 1784 719 laec
1799 629 2015 747 proprietas
2035 656 2101 723 n.

618 772 625 785 ’
765 802 808 863 ta
855 792 897 859 ct
926 770 1091 859 difficilis
1118 773 1274 857 inuentu
1302 769 1346 853 in
1375 765 1457 853 aliia
1487 766 1666 849 armeris.

882 905 921 1007 §.
943 927 985 987 a.
1019 898 1241 989 Nouiistme
1295 921 1393 981 uero
1466 888 1658 979 Celebert.
1714 887 1875 978 Belem
1948 890 2092 980 huma.

765 1032 923 1121 niffimis
968 1049 1011 1116 et
1060 1031 1173 1142 plane
1217 1022 1474 1115 amicabilibus
1508 1022 1641 1109 litteris
1670 1044 1737 1107 me
1776 1021 1958 1128 edocuit,
1990 1023 2097 1109 mul·

764 1182 807 1249 to
838 1161 946 1275 plura
978 1182 1229 1260 numerorum
1261 1153 1525 1241 amicabilium
1554 1148 1592 1235 se
1623 1146 1806 1236 inueniffe
1844 1154 1986 1263 paria3
2017 1154 2097 1237 im·

767 1316 840 1378 mo
870 1288 1015 1403 aliquot
1042 1290 1193 1397 etiam,
1224 1310 1321 1398 quae
1350 1284 1516 1369 numeris
1543 1282 1795 1394 exprimenda
1836 1280 1910 1367 lint
1938 1281 2099 1393 impari·

766 1420 866 1528 bru,
895 1444 988 1505 cum
1022 1416 1309 1529 praecedentia,
1339 1408 1596 1501 aSthootem'o
1626 1428 1806 1523 reperta,
1836 1410 2096 1497 continuantur

769 1548 904 1633 omnia
936 1547 1101 1631 numeris
1132 1545 1292 1656 paribus.
1356 1540 1555 1628 Excitatrts
1585 1540 1709 1652 itaque
1739 1538 1817 1627 hoc
1847 1539 2011 1625 inuento
2026 1540 2093 1624 Vi·
2199 1647 2200 1650 p

764 1676 798 1761 ri
830 1670 1165 1785 incomparabilis,
1196 1674 1288 1781 cui,
1320 1671 1497 1782 quicquid
1517 1657 1682 1778 Midae,
1721 1663 1935 1755 matheseos
1965 1668 2099 1781 praeli·
2199 1661 2200 1674 ‘

575 1812 579 1820 “
767 1804 864 1910 des,
895 1800 1063 1885 reuelare
1092 1799 1264 1885 humano
1294 1801 1442 1911 polium
1473 1800 1651 1911 ingenio,
1683 1799 1753 1883 uix
1784 1822 1956 1909 unquam
1986 1798 2097 1883 dene·

639 1947 643 1955 '
768 1949 886 2047 gant,
924 1932 1025 2015 vires
1073 1952 1183 2013 meas
1229 1930 1494 2039 qualescunque
1521 1933 1563 2013 in
1592 1928 1671 2013 hoc
1700 1928 1943 2039 problemate
1978 1950 2097 2040 expe·

770 2060 836 2145 riri
874 2056 1018 2165 uolui,
1070 2056 1233 2169 illudque
1272 2057 1476 2141 extendere
1516 2057 1613 2142 ultra
1645 2060 1834 2171 potentias
1881 2057 2099 2162 binarii,a

623 2220 625 2225 ·
770 2182 942 2302 Canesro
990 2185 1059 2297 ipsa
1088 2182 1342 2297 praescriptas.
1405 2186 1648 2297 Propositum
1698 2186 1815 2296 igitur
1866 2184 1969 2273 mihi
2014 2186 2098 2293 est,

769 2315 963 2401 ostendere
989 2314 1185 2422 cunilam,
1215 2340 1282 2399 cur
1310 2307 1540 2429 Cartestus,
1570 2336 1681 2427 atque
1712 2316 1797 2425 poll
1828 2314 1930 2399 hunc
1963 2312 2100 2402 Schot-

661 2520 664 2527 ,
768 2448 918 2553 tentas,
951 2441 1183 2529 methodum
1215 2442 1325 2529 huius
1354 2442 1605 2558 problematis
1641 2441 1851 2529 resoluendi
1888 2444 1937 2527 ad
1969 2464 2101 2557 poten·

665 2650 668 2655 .
770 2574 842 2659 tias
873 2573 1008 2657 binarii
1038 2572 1328 2684 restrinxerint3
1360 2572 1489 2683 postea
1520 2599 1619 2658 nero
1648 2596 1846 2685 exponere
1861 2640 1874 2681 ‚
1888 2575 1995 2685 qnod
2012 2598 2097 2686 pro-
2201 2589 2202 2620 ¹

769 2701 901 2788 biema
933 2700 1042 2787 huius
1072 2698 1320 2786 testritiionis
1349 2725 1429 2785 non
1461 2718 1600 2811 egeat,
1630 2698 1695 2786 sed
1725 2700 1776 2785 ad
1816 2701 1965 2789 multos
2011 2704 2101 2789 alios

769 2854 957 2917 numeros
986 2831 1143 2915 extendi
1182 2828 1442 2940 sepatiatur,
1478 2854 1531 2913 ex
1563 2855 1640 2941 quo
1668 2830 1794 2942 plures
1842 2828 1908 2915 alii
1955 2832 2100 2919 numeri

679 2953 680 2956 ‘
764 2961 991 3048 amicabiles
1018 2961 1218 3070 orientru,
1249 2959 1439 3046 methodo
1468 2965 1682 3075 canestana
1712 2985 1794 3046 non
1822 2962 2052 3048 iouenicndi.

889 3091 924 3191 §.
949 3113 991 3190 3.
1028 3089 1224 3201 Qroniam
1258 3111 1356 3172 uero
1386 3106 1490 3172 totus
1536 3089 1600 3174 hic
1639 3087 1813 3176 discursus
1860 3091 2103 3177 instituendus
2202 3122 2203 3147 ³

766 3219 838 3302 eil.
857 3217 913 3300 de
953 3215 1119 3325 partibus
1166 3212 1340 3324 aliquotis
1388 3217 1539 3302 numeri
1586 3218 1831 3331 cuiuscunque
1878 3241 1917 3306 et
1972 3246 2101 3309 earum

675 3387 677 3392 ·
768 3342 923 3430 summa
937 3339 963 3428 ,a
982 3341 1183 3453 praemitti
1215 3339 1329 3426 debet
1359 3341 1560 3430 methodus
1590 3347 1770 3458 generalis
1818 3353 1985 3463 partium
2037 3351 2101 3438 hass

671 3533 674 3538 -
769 3497 860 3560 tum
889 3469 1083 3557 dammam
1112 3471 1158 3556 in
1189 3469 1361 3581 quolibet
1409 3473 1491 3560 casu
1539 3478 1799 3587 exprimendi.
1862 3479 2010 3566 Pendet
2039 3507 2102 3566 an·

769 3619 856 3689 tem
886 3599 982 3686 haec
1010 3597 1162 3685 ffimma
1187 3600 1360 3714 partium
1393 3601 1645 3717 aliquotamm
1676 3608 1926 3722 cuiuscunque
1967 3635 2102 3696 nume·

770 3729 857 3820 ri'a
882 3729 1036 3818 summa
1062 3729 1272 3819 diuisurum
1305 3729 1415 3842 ipfius
1452 3735 1647 3822 omnium.
1710 3733 1905 3824 Dinisores
1954 3739 2102 3852 numeri

768 3859 925 3948 alicuius
969 3881 1111 3944 omncs
1141 3861 1200 3944 ita
1228 3856 1314 3944 sunt
1347 3861 1618 3974 intelligendi,
1664 3881 1712 3951 nt
1741 3869 1860 3952 etiam
1910 3865 2102 3955 includant

771 3990 991 4098 unitatem,
1025 4005 1066 4072 et
1095 4011 1305 4074 numerum
1334 3985 1462 4100 iptun
1485 4019 1500 4105 3
1520 3982 1654 4082 'ueluti
1684 3997 1836 4082 numeri
1866 4021 1927 4082 ao
1962 3997 2103 4084 diuiso

591 4205 597 4218 ‚
723 4114 2102 4235 ,reslomnessunt1,2‚4,5,10,20,etsummaho·

632 4273 635 4282 ’
775 4267 862 4330 rum
889 4245 1095 4332 diuihrum
1127 4247 1181 4332 eli
1206 4273 1286 4354 42.
1348 4247 1504 4338 Stentora
1535 4255 1651 4364 igitm
1679 4247 1875 4371 diuisurum
1913 4281 2102 4344 nmnerran

616 4503 618 4508 Ι
771 4367 887 4500 pstea
900 4363 1055 4493 semper
1094 4379 1259 4467 excedit.
1334 4375 1417 4470 seu
1447 4384 1633 4496 quoniam
1660 4385 1714 4472 ad
1744 4382 1879 4504 patret
1912 4386 2102 4503 aliquam

1138 4567 1143 4576 ·
1771 4558 1774 4563 ·
2015 4541 2099 4606 non
