<?xml version="1.0" encoding="UTF-8"?>
<!DOCTYPE html PUBLIC "-//W3C//DTD XHTML 1.0 Transitional//EN"
    "http://www.w3.org/TR/xhtml1/DTD/xhtml1-transitional.dtd">
<html xmlns="http://www.w3.org/1999/xhtml" xml:lang="en" lang="en">
 <head>
  <title>
</title>
<meta http-equiv="Content-Type" content="text/html;charset=utf-8" />
  <meta name='ocr-system' content='tesseract 3.04.00' />
  <meta name='ocr-capabilities' content='ocr_page ocr_carea ocr_par ocr_line ocrx_word'/>
</head>
<body>
  <div class='ocr_page' id='page_1' title='image "./novicommentarii12sssrgoog/novicommentarii12sssrgoog_0471.png"; bbox 0 0 4475 5900; ppageno 0'>
   <div class='ocr_carea' id='block_1_1' title="bbox 277 484 1391 670">
    <p class='ocr_par' dir='ltr' id='par_1_1' title="bbox 277 484 1391 670">
     <span class='ocr_line' id='line_1_1' title="bbox 277 484 1391 670; baseline 0.014 -77"><span class='ocrx_word' id='word_1_1' title='bbox 277 484 603 613; x_wconf 53' lang='lat' dir='ltr'><strong>,Donum</strong></span> <span class='ocrx_word' id='word_1_2' title='bbox 632 492 1047 601; x_wconf 69' lang='lat' dir='ltr'><strong>numerumn:</strong></span> <span class='ocrx_word' id='word_1_3' title='bbox 1162 645 1173 670; x_wconf 86' lang='lat'><strong>.</strong></span> <span class='ocrx_word' id='word_1_4' title='bbox 1287 508 1391 635; x_wconf 59' lang='lat' dir='ltr'><strong>tte</strong></span> 
     </span>
    </p>
   </div>
   <div class='ocr_carea' id='block_1_2' title="bbox 60 728 1400 1237">
    <p class='ocr_par' dir='ltr' id='par_1_2' title="bbox 60 728 1400 1237">
     <span class='ocr_line' id='line_1_2' title="bbox 63 728 1400 860; baseline 0.005 -40"><span class='ocrx_word' id='word_1_5' title='bbox 63 732 118 821; x_wconf 82' lang='lat' dir='ltr'><strong>lus</strong></span> <span class='ocrx_word' id='word_1_6' title='bbox 144 754 248 819; x_wconf 87' lang='lat' dir='ltr'><strong>error</strong></span> <span class='ocrx_word' id='word_1_7' title='bbox 296 728 466 823; x_wconf 73' lang='lat' dir='ltr'><strong>eunetis</strong></span> <span class='ocrx_word' id='word_1_8' title='bbox 495 736 535 822; x_wconf 91' lang='lat' dir='ltr'><strong>in</strong></span> <span class='ocrx_word' id='word_1_9' title='bbox 565 735 654 824; x_wconf 88' lang='lat' dir='ltr'><strong>loco</strong></span> <span class='ocrx_word' id='word_1_10' title='bbox 685 737 819 825; x_wconf 82' lang='lat' dir='ltr'><strong>Lunne</strong></span> <span class='ocrx_word' id='word_1_11' title='bbox 858 738 900 823; x_wconf 88' lang='lat' dir='ltr'><strong>in</strong></span> <span class='ocrx_word' id='word_1_12' title='bbox 930 738 1047 827; x_wconf 87' lang='lat' dir='ltr'><strong>coelis</strong></span> <span class='ocrx_word' id='word_1_13' title='bbox 1085 736 1176 860; x_wconf 83' lang='lat' dir='ltr'><strong>inde</strong></span> <span class='ocrx_word' id='word_1_14' title='bbox 1225 743 1352 855; x_wconf 78' lang='lat' dir='ltr'>prodit</span> <span class='ocrx_word' id='word_1_15' title='bbox 1369 755 1400 851; x_wconf 78' lang='lat'><strong>,&#39;</strong></span> 
     </span>
     <span class='ocr_line' id='line_1_3' title="bbox 60 864 1385 980; baseline 0.003 -31"><span class='ocrx_word' id='word_1_16' title='bbox 60 864 325 974; x_wconf 80' lang='lat' dir='ltr'><strong>consequenter</strong></span> <span class='ocrx_word' id='word_1_17' title='bbox 356 890 427 949; x_wconf 89' lang='lat' dir='ltr'><strong>nec</strong></span> <span class='ocrx_word' id='word_1_18' title='bbox 457 867 498 949; x_wconf 88' lang='lat' dir='ltr'><strong>iu</strong></span> <span class='ocrx_word' id='word_1_19' title='bbox 529 865 607 951; x_wconf 84' lang='lat' dir='ltr'><strong>niis</strong></span> <span class='ocrx_word' id='word_1_20' title='bbox 635 865 845 953; x_wconf 83' lang='lat' dir='ltr'><strong>corollariie</strong></span> <span class='ocrx_word' id='word_1_21' title='bbox 874 867 963 951; x_wconf 90' lang='lat' dir='ltr'><strong>inde</strong></span> <span class='ocrx_word' id='word_1_22' title='bbox 995 869 1217 955; x_wconf 77' lang='lat' dir='ltr'><strong>deducendis</strong></span> <span class='ocrx_word' id='word_1_23' title='bbox 1233 870 1385 980; x_wconf 86' lang='lat' dir='ltr'><strong>prodire</strong></span> 
     </span>
     <span class='ocr_line' id='line_1_4' title="bbox 63 991 1387 1106; baseline 0.006 -33"><span class='ocrx_word' id='word_1_24' title='bbox 63 991 218 1105; x_wconf 58' lang='lat' dir='ltr'><strong>potestg</strong></span> <span class='ocrx_word' id='word_1_25' title='bbox 248 992 361 1102; x_wconf 92' lang='lat' dir='ltr'><strong>idque</strong></span> <span class='ocrx_word' id='word_1_26' title='bbox 391 1016 445 1077; x_wconf 83' lang='lat' dir='ltr'><strong>eo</strong></span> <span class='ocrx_word' id='word_1_27' title='bbox 475 994 629 1104; x_wconf 84' lang='lat' dir='ltr'><strong>minus,</strong></span> <span class='ocrx_word' id='word_1_28' title='bbox 661 994 764 1106; x_wconf 88' lang='lat' dir='ltr'><strong>quod</strong></span> <span class='ocrx_word' id='word_1_29' title='bbox 794 1018 942 1081; x_wconf 76' lang='lat' dir='ltr'><strong>errores</strong></span> <span class='ocrx_word' id='word_1_30' title='bbox 970 996 1026 1081; x_wconf 88' lang='lat' dir='ltr'><strong>ilii</strong></span> <span class='ocrx_word' id='word_1_31' title='bbox 1057 998 1134 1083; x_wconf 88' lang='lat' dir='ltr'><strong>loci</strong></span> <span class='ocrx_word' id='word_1_32' title='bbox 1174 996 1303 1082; x_wconf 82' lang='lat' dir='ltr'><strong>Lunae</strong></span> <span class='ocrx_word' id='word_1_33' title='bbox 1344 999 1387 1081; x_wconf 88' lang='lat' dir='ltr'><strong>in</strong></span> 
     </span>
     <span class='ocr_line' id='line_1_5' title="bbox 63 1119 1392 1237; baseline 0.007 -33"><span class='ocrx_word' id='word_1_34' title='bbox 63 1119 177 1205; x_wconf 87' lang='lat' dir='ltr'><strong>coelis</strong></span> <span class='ocrx_word' id='word_1_35' title='bbox 207 1120 408 1230; x_wconf 85' lang='lat' dir='ltr'><strong>omnium,</strong></span> <span class='ocrx_word' id='word_1_36' title='bbox 434 1124 497 1235; x_wconf 92' lang='lat' dir='ltr'><strong>qui</strong></span> <span class='ocrx_word' id='word_1_37' title='bbox 529 1122 602 1207; x_wconf 67' lang='lat' dir='ltr'><strong>cist</strong></span> <span class='ocrx_word' id='word_1_38' title='bbox 632 1119 820 1237; x_wconf 82' lang='lat' dir='ltr'><strong>poliunt,</strong></span> <span class='ocrx_word' id='word_1_39' title='bbox 849 1124 1018 1209; x_wconf 80' lang='lat' dir='ltr'><strong>maximi</strong></span> <span class='ocrx_word' id='word_1_40' title='bbox 1054 1142 1094 1209; x_wconf 92' lang='lat' dir='ltr'><strong>et</strong></span> <span class='ocrx_word' id='word_1_41' title='bbox 1126 1144 1275 1211; x_wconf 81' lang='lat' dir='ltr'><strong>tuntum</strong></span> <span class='ocrx_word' id='word_1_42' title='bbox 1305 1146 1392 1213; x_wconf 85' lang='lat' dir='ltr'><strong>non</strong></span> 
     </span>
    </p>
   </div>
   <div class='ocr_carea' id='block_1_3' title="bbox 60 1238 1551 1364">
    <p class='ocr_par' dir='ltr' id='par_1_3' title="bbox 60 1238 1551 1364">
     <span class='ocr_line' id='line_1_6' title="bbox 60 1238 1551 1364; baseline 0.005 -34"><span class='ocrx_word' id='word_1_43' title='bbox 60 1244 205 1361; x_wconf 84' lang='lat' dir='ltr'><strong>prorius</strong></span> <span class='ocrx_word' id='word_1_44' title='bbox 233 1246 478 1360; x_wconf 80' lang='lat' dir='ltr'><strong>impoffibiler</strong></span> <span class='ocrx_word' id='word_1_45' title='bbox 506 1246 602 1334; x_wconf 87' lang='lat' dir='ltr'><strong>sunt.</strong></span> <span class='ocrx_word' id='word_1_46' title='bbox 668 1248 883 1339; x_wconf 88' lang='lat' dir='ltr'><strong>Coeterum</strong></span> <span class='ocrx_word' id='word_1_47' title='bbox 917 1238 1093 1364; x_wconf 76' lang='lat' dir='ltr'><strong>liquem</strong></span> <span class='ocrx_word' id='word_1_48' title='bbox 1131 1251 1228 1338; x_wconf 83' lang='lat' dir='ltr'><strong>forte</strong></span> <span class='ocrx_word' id='word_1_49' title='bbox 1277 1278 1382 1339; x_wconf 89' lang='lat' dir='ltr'><strong>erro-</strong></span> <span class='ocrx_word' id='word_1_50' title='bbox 1546 1347 1551 1357; x_wconf 25' lang='lat'>¹</span> 
     </span>
    </p>
   </div>
   <div class='ocr_carea' id='block_1_4' title="bbox 53 1374 1394 2109">
    <p class='ocr_par' dir='ltr' id='par_1_4' title="bbox 53 1374 1394 2109">
     <span class='ocr_line' id='line_1_7' title="bbox 55 1374 1391 1497; baseline 0.004 -34"><span class='ocrx_word' id='word_1_51' title='bbox 55 1375 190 1463; x_wconf 83' lang='lat' dir='ltr'><strong>tesbi</strong></span> <span class='ocrx_word' id='word_1_52' title='bbox 223 1374 426 1463; x_wconf 75' lang='lat' dir='ltr'><strong>bilicitum</strong></span> <span class='ocrx_word' id='word_1_53' title='bbox 456 1397 611 1464; x_wconf 82' lang='lat' dir='ltr'><strong>teneant</strong></span> <span class='ocrx_word' id='word_1_54' title='bbox 640 1379 691 1463; x_wconf 84' lang='lat' dir='ltr'><strong>de</strong></span> <span class='ocrx_word' id='word_1_55' title='bbox 724 1404 821 1465; x_wconf 81' lang='lat' dir='ltr'><strong>uero</strong></span> <span class='ocrx_word' id='word_1_56' title='bbox 851 1382 943 1467; x_wconf 92' lang='lat' dir='ltr'><strong>loco</strong></span> <span class='ocrx_word' id='word_1_57' title='bbox 973 1378 1109 1465; x_wconf 76' lang='lat' dir='ltr'><strong>Lunae</strong></span> <span class='ocrx_word' id='word_1_58' title='bbox 1132 1382 1175 1466; x_wconf 90' lang='lat' dir='ltr'><strong>in</strong></span> <span class='ocrx_word' id='word_1_59' title='bbox 1191 1383 1306 1466; x_wconf 88' lang='lat' dir='ltr'><strong>coelis</strong></span> <span class='ocrx_word' id='word_1_60' title='bbox 1323 1382 1391 1497; x_wconf 49' lang='lat' dir='ltr'><strong>ius</strong></span> 
     </span>
     <span class='ocr_line' id='line_1_8' title="bbox 57 1504 1389 1619; baseline 0.005 -32"><span class='ocrx_word' id='word_1_61' title='bbox 57 1504 286 1614; x_wconf 69' lang='lat' dir='ltr'><strong>veniendo,</strong></span> <span class='ocrx_word' id='word_1_62' title='bbox 317 1526 360 1590; x_wconf 88' lang='lat' dir='ltr'><strong>et</strong></span> <span class='ocrx_word' id='word_1_63' title='bbox 391 1506 613 1591; x_wconf 74' lang='lat' dir='ltr'><strong>certitudine</strong></span> <span class='ocrx_word' id='word_1_64' title='bbox 628 1508 918 1593; x_wconf 73' lang='lat' dir='ltr'><strong>corollariomm</strong></span> <span class='ocrx_word' id='word_1_65' title='bbox 935 1510 1028 1592; x_wconf 92' lang='lat' dir='ltr'><strong>inde</strong></span> <span class='ocrx_word' id='word_1_66' title='bbox 1043 1506 1355 1593; x_wconf 85' lang='lat' dir='ltr'><strong>deducendorum</strong></span> <span class='ocrx_word' id='word_1_67' title='bbox 1375 1576 1389 1619; x_wconf 81' lang='lat'>‚</span> 
     </span>
     <span class='ocr_line' id='line_1_9' title="bbox 58 1631 1394 1746; baseline 0.003 -31"><span class='ocrx_word' id='word_1_68' title='bbox 58 1631 91 1715; x_wconf 85' lang='lat' dir='ltr'><strong>is</strong></span> <span class='ocrx_word' id='word_1_69' title='bbox 119 1635 277 1720; x_wconf 78' lang='lat' dir='ltr'><strong>inuenta</strong></span> <span class='ocrx_word' id='word_1_70' title='bbox 307 1634 357 1721; x_wconf 82' lang='lat' dir='ltr'><strong>ad</strong></span> <span class='ocrx_word' id='word_1_71' title='bbox 406 1652 567 1746; x_wconf 81' lang='lat' dir='ltr'><strong>temptu-</strong></span> <span class='ocrx_word' id='word_1_72' title='bbox 605 1632 876 1721; x_wconf 77' lang='lat' dir='ltr'><strong>obsemetionis</strong></span> <span class='ocrx_word' id='word_1_73' title='bbox 926 1632 1086 1746; x_wconf 82' lang='lat' dir='ltr'><strong>phuseoe</strong></span> <span class='ocrx_word' id='word_1_74' title='bbox 1134 1636 1394 1719; x_wconf 79' lang='lat' dir='ltr'><strong>declinatione</strong></span> 
     </span>
     <span class='ocr_line' id='line_1_10' title="bbox 57 1753 1386 1874; baseline -0.001 -26"><span class='ocrx_word' id='word_1_75' title='bbox 57 1753 159 1848; x_wconf 77' lang='lat' dir='ltr'><strong>Solio</strong></span> <span class='ocrx_word' id='word_1_76' title='bbox 188 1762 331 1874; x_wconf 87' lang='lat' dir='ltr'><strong>poterit</strong></span> <span class='ocrx_word' id='word_1_77' title='bbox 357 1762 538 1873; x_wconf 80' lang='lat' dir='ltr'><strong>angulum</strong></span> <span class='ocrx_word' id='word_1_78' title='bbox 570 1760 601 1847; x_wconf 78' lang='lat' dir='ltr'><strong>d</strong></span> <span class='ocrx_word' id='word_1_79' title='bbox 632 1761 713 1871; x_wconf 87' lang='lat' dir='ltr'><strong>dg</strong></span> <span class='ocrx_word' id='word_1_80' title='bbox 743 1788 876 1847; x_wconf 84' lang='lat' dir='ltr'><strong>uerum</strong></span> <span class='ocrx_word' id='word_1_81' title='bbox 908 1761 1037 1846; x_wconf 90' lang='lat' dir='ltr'><strong>modo</strong></span> <span class='ocrx_word' id='word_1_82' title='bbox 1058 1785 1182 1872; x_wconf 84' lang='lat' dir='ltr'><strong>nuper</strong></span> <span class='ocrx_word' id='word_1_83' title='bbox 1198 1760 1386 1873; x_wconf 89' lang='lat' dir='ltr'><strong>descripto</strong></span> 
     </span>
     <span class='ocr_line' id='line_1_11' title="bbox 54 1886 1388 2003; baseline 0.006 -26"><span class='ocrx_word' id='word_1_84' title='bbox 54 1890 307 2002; x_wconf 77' lang='lat' dir='ltr'><strong>inuestigare,</strong></span> <span class='ocrx_word' id='word_1_85' title='bbox 339 1910 381 1975; x_wconf 88' lang='lat' dir='ltr'><strong>et</strong></span> <span class='ocrx_word' id='word_1_86' title='bbox 412 1890 549 1975; x_wconf 84' lang='lat' dir='ltr'><strong>omnia</strong></span> <span class='ocrx_word' id='word_1_87' title='bbox 578 1889 741 2001; x_wconf 79' lang='lat' dir='ltr'><strong>qurefita</strong></span> <span class='ocrx_word' id='word_1_88' title='bbox 767 1886 951 2003; x_wconf 67' lang='lat' dir='ltr'><strong>eclipticus</strong></span> <span class='ocrx_word' id='word_1_89' title='bbox 980 1889 1123 1979; x_wconf 77' lang='lat' dir='ltr'><strong>exinde</strong></span> <span class='ocrx_word' id='word_1_90' title='bbox 1173 1888 1388 1985; x_wconf 74' lang='lat' dir='ltr'><strong>deluenda</strong></span> 
     </span>
     <span class='ocr_line' id='line_1_12' title="bbox 53 2007 674 2109; baseline -0.005 -1"><span class='ocrx_word' id='word_1_91' title='bbox 53 2007 324 2108; x_wconf 70' lang='lat' dir='ltr'><strong>mmnffima</strong></span> <span class='ocrx_word' id='word_1_92' title='bbox 351 2021 433 2109; x_wconf 78' lang='lat' dir='ltr'><strong>iam</strong></span> <span class='ocrx_word' id='word_1_93' title='bbox 465 2016 674 2107; x_wconf 79' lang='lat' dir='ltr'><strong>obtinebit.</strong></span> 
     </span>
    </p>
   </div>
   <div class='ocr_carea' id='block_1_5' title="bbox 51 2274 1471 2904">
    <p class='ocr_par' dir='ltr' id='par_1_5' title="bbox 51 2274 1471 2904">
     <span class='ocr_line' id='line_1_13' title="bbox 174 2274 1471 2394; baseline 0.002 -29"><span class='ocrx_word' id='word_1_94' title='bbox 174 2280 214 2381; x_wconf 83' lang='lat'><strong>§.</strong></span> <span class='ocrx_word' id='word_1_95' title='bbox 235 2286 278 2365; x_wconf 86' lang='lat'><strong>6.</strong></span> <span class='ocrx_word' id='word_1_96' title='bbox 312 2280 467 2369; x_wconf 81' lang='lat' dir='ltr'><strong>Eodem</strong></span> <span class='ocrx_word' id='word_1_97' title='bbox 500 2283 624 2370; x_wconf 88' lang='lat' dir='ltr'><strong>modo</strong></span> <span class='ocrx_word' id='word_1_98' title='bbox 654 2278 786 2391; x_wconf 79' lang='lat' dir='ltr'><strong>pheses</strong></span> <span class='ocrx_word' id='word_1_99' title='bbox 813 2280 971 2366; x_wconf 81' lang='lat' dir='ltr'><strong>ulterius</strong></span> <span class='ocrx_word' id='word_1_100' title='bbox 1001 2278 1240 2367; x_wconf 86' lang='lat' dir='ltr'><strong>obseruentur</strong></span> <span class='ocrx_word' id='word_1_101' title='bbox 1270 2274 1386 2394; x_wconf 52' lang='lat' dir='ltr'><strong>quot}</strong></span> <span class='ocrx_word' id='word_1_102' title='bbox 1468 2348 1471 2355; x_wconf 24' lang='lat' dir='ltr'><strong>r</strong></span> 
     </span>
     <span class='ocr_line' id='line_1_14' title="bbox 53 2408 1389 2521; baseline 0.002 -31"><span class='ocrx_word' id='word_1_103' title='bbox 53 2424 151 2517; x_wconf 90' lang='lat' dir='ltr'><strong>quot</strong></span> <span class='ocrx_word' id='word_1_104' title='bbox 179 2408 355 2515; x_wconf 83' lang='lat' dir='ltr'><strong>libuerit,</strong></span> <span class='ocrx_word' id='word_1_105' title='bbox 386 2411 590 2517; x_wconf 88' lang='lat' dir='ltr'><strong>dirigendo</strong></span> <span class='ocrx_word' id='word_1_106' title='bbox 627 2408 777 2515; x_wconf 87' lang='lat' dir='ltr'><strong>semper</strong></span> <span class='ocrx_word' id='word_1_107' title='bbox 823 2408 1004 2518; x_wconf 82' lang='lat' dir='ltr'><strong>capillum</strong></span> <span class='ocrx_word' id='word_1_108' title='bbox 1035 2423 1116 2521; x_wconf 80' lang='lat' dir='ltr'><strong>op</strong></span> <span class='ocrx_word' id='word_1_109' title='bbox 1148 2408 1196 2492; x_wconf 79' lang='lat' dir='ltr'><strong>ed</strong></span> <span class='ocrx_word' id='word_1_110' title='bbox 1242 2432 1389 2494; x_wconf 75' lang='lat' dir='ltr'><strong>comnu</strong></span> 
     </span>
     <span class='ocr_line' id='line_1_15' title="bbox 54 2532 1384 2646; baseline 0.001 -26"><span class='ocrx_word' id='word_1_111' title='bbox 54 2532 246 2643; x_wconf 71' lang='lat' dir='ltr'><strong>punem,</strong></span> <span class='ocrx_word' id='word_1_112' title='bbox 277 2532 521 2646; x_wconf 80' lang='lat' dir='ltr'><strong>appulirsque</strong></span> <span class='ocrx_word' id='word_1_113' title='bbox 552 2533 762 2621; x_wconf 88' lang='lat' dir='ltr'><strong>limborum</strong></span> <span class='ocrx_word' id='word_1_114' title='bbox 796 2535 967 2622; x_wconf 79' lang='lat' dir='ltr'><strong>umbrosi</strong></span> <span class='ocrx_word' id='word_1_115' title='bbox 984 2534 1116 2619; x_wconf 77' lang='lat' dir='ltr'><strong>Lunae</strong></span> <span class='ocrx_word' id='word_1_116' title='bbox 1144 2550 1187 2617; x_wconf 88' lang='lat' dir='ltr'><strong>et</strong></span> <span class='ocrx_word' id='word_1_117' title='bbox 1203 2532 1384 2621; x_wconf 81' lang='lat' dir='ltr'><strong>luminoii</strong></span> 
     </span>
     <span class='ocr_line' id='line_1_16' title="bbox 51 2649 1400 2775; baseline -0.001 -27"><span class='ocrx_word' id='word_1_118' title='bbox 51 2658 148 2748; x_wconf 85' lang='lat' dir='ltr'><strong>Solis</strong></span> <span class='ocrx_word' id='word_1_119' title='bbox 190 2664 239 2747; x_wconf 81' lang='lat' dir='ltr'><strong>ad</strong></span> <span class='ocrx_word' id='word_1_120' title='bbox 278 2664 373 2747; x_wconf 89' lang='lat' dir='ltr'><strong>duos</strong></span> <span class='ocrx_word' id='word_1_121' title='bbox 418 2649 581 2773; x_wconf 76' lang='lat' dir='ltr'><strong>cipillos</strong></span> <span class='ocrx_word' id='word_1_122' title='bbox 628 2661 779 2747; x_wconf 90' lang='lat' dir='ltr'><strong>seorllm</strong></span> <span class='ocrx_word' id='word_1_123' title='bbox 828 2664 1033 2771; x_wconf 77' lang='lat' dir='ltr'><strong>notando,</strong></span> <span class='ocrx_word' id='word_1_124' title='bbox 1076 2665 1206 2747; x_wconf 89' lang='lat' dir='ltr'><strong>donec</strong></span> <span class='ocrx_word' id='word_1_125' title='bbox 1254 2660 1400 2775; x_wconf 62' lang='lat' dir='ltr'><strong>sagitto·</strong></span> 
     </span>
     <span class='ocr_line' id='line_1_17' title="bbox 51 2782 1386 2904; baseline 0.001 -30"><span class='ocrx_word' id='word_1_126' title='bbox 51 2790 245 2901; x_wconf 84' lang='lat' dir='ltr'><strong>segmenti</strong></span> <span class='ocrx_word' id='word_1_127' title='bbox 277 2782 446 2876; x_wconf 71' lang='lat' dir='ltr'><strong>embron</strong></span> <span class='ocrx_word' id='word_1_128' title='bbox 476 2788 609 2876; x_wconf 82' lang='lat' dir='ltr'><strong>Lunae</strong></span> <span class='ocrx_word' id='word_1_129' title='bbox 640 2789 682 2874; x_wconf 91' lang='lat' dir='ltr'><strong>in</strong></span> <span class='ocrx_word' id='word_1_130' title='bbox 714 2782 805 2875; x_wconf 92' lang='lat' dir='ltr'><strong>Sole</strong></span> <span class='ocrx_word' id='word_1_131' title='bbox 842 2791 1037 2904; x_wconf 87' lang='lat' dir='ltr'><strong>conspicui</strong></span> <span class='ocrx_word' id='word_1_132' title='bbox 1076 2790 1270 2875; x_wconf 80' lang='lat' dir='ltr'><strong>dtiimtiee</strong></span> <span class='ocrx_word' id='word_1_133' title='bbox 1322 2812 1386 2875; x_wconf 81' lang='lat' dir='ltr'><strong>eu·</strong></span> 
     </span>
    </p>
   </div>
   <div class='ocr_carea' id='block_1_6' title="bbox 49 2917 1397 4678">
    <p class='ocr_par' dir='ltr' id='par_1_6' title="bbox 49 2917 1394 4574">
     <span class='ocr_line' id='line_1_18' title="bbox 52 2917 1389 3034; baseline 0.001 -30"><span class='ocrx_word' id='word_1_134' title='bbox 52 2919 240 3034; x_wconf 83' lang='lat' dir='ltr'><strong>pillonm</strong></span> <span class='ocrx_word' id='word_1_135' title='bbox 271 2942 294 3005; x_wconf 88' lang='lat' dir='ltr'><strong>o</strong></span> <span class='ocrx_word' id='word_1_136' title='bbox 302 2935 335 3034; x_wconf 80' lang='lat' dir='ltr'><strong>p</strong></span> <span class='ocrx_word' id='word_1_137' title='bbox 364 2938 407 3002; x_wconf 90' lang='lat' dir='ltr'><strong>et</strong></span> <span class='ocrx_word' id='word_1_138' title='bbox 437 2941 504 3034; x_wconf 83' lang='lat' dir='ltr'><strong>qr</strong></span> <span class='ocrx_word' id='word_1_139' title='bbox 534 2919 695 3031; x_wconf 75' lang='lat' dir='ltr'><strong>aequalis</strong></span> <span class='ocrx_word' id='word_1_140' title='bbox 724 2921 890 3032; x_wconf 81' lang='lat' dir='ltr'><strong>euadat,</strong></span> <span class='ocrx_word' id='word_1_141' title='bbox 922 2920 990 3005; x_wconf 81' lang='lat' dir='ltr'><strong>uel</strong></span> <span class='ocrx_word' id='word_1_142' title='bbox 1017 2919 1150 3004; x_wconf 90' lang='lat' dir='ltr'><strong>donec</strong></span> <span class='ocrx_word' id='word_1_143' title='bbox 1179 2917 1303 3028; x_wconf 83' lang='lat' dir='ltr'><strong>pbnirs</strong></span> <span class='ocrx_word' id='word_1_144' title='bbox 1333 2919 1389 3005; x_wconf 79' lang='lat' dir='ltr'><strong>itt</strong></span> 
     </span>
     <span class='ocr_line' id='line_1_19' title="bbox 49 3043 1388 3162; baseline -0.001 -32"><span class='ocrx_word' id='word_1_145' title='bbox 49 3067 281 3160; x_wconf 72' lang='lat' dir='ltr'><strong>comparatu</strong></span> <span class='ocrx_word' id='word_1_146' title='bbox 311 3048 455 3158; x_wconf 83' lang='lat' dir='ltr'><strong>fuerit,</strong></span> <span class='ocrx_word' id='word_1_147' title='bbox 486 3067 534 3133; x_wconf 82' lang='lat' dir='ltr'><strong>ut</strong></span> <span class='ocrx_word' id='word_1_148' title='bbox 562 3047 714 3134; x_wconf 72' lang='lat' dir='ltr'><strong>diredio</strong></span> <span class='ocrx_word' id='word_1_149' title='bbox 734 3048 882 3161; x_wconf 76' lang='lat' dir='ltr'><strong>‘capillo</strong></span> <span class='ocrx_word' id='word_1_150' title='bbox 914 3073 935 3134; x_wconf 87' lang='lat' dir='ltr'><strong>o</strong></span> <span class='ocrx_word' id='word_1_151' title='bbox 946 3064 978 3162; x_wconf 82' lang='lat' dir='ltr'><strong>p</strong></span> <span class='ocrx_word' id='word_1_152' title='bbox 1022 3047 1073 3132; x_wconf 80' lang='lat' dir='ltr'><strong>ed</strong></span> <span class='ocrx_word' id='word_1_153' title='bbox 1097 3069 1243 3130; x_wconf 79' lang='lat' dir='ltr'><strong>cornua</strong></span> <span class='ocrx_word' id='word_1_154' title='bbox 1292 3043 1388 3158; x_wconf 80' lang='lat' dir='ltr'><strong>plra-</strong></span> 
     </span>
     <span class='ocr_line' id='line_1_20' title="bbox 49 3172 1394 3287; baseline 0.001 -29"><span class='ocrx_word' id='word_1_155' title='bbox 49 3172 133 3262; x_wconf 81' lang='lat' dir='ltr'><strong>teos</strong></span> <span class='ocrx_word' id='word_1_156' title='bbox 166 3179 310 3264; x_wconf 83' lang='lat' dir='ltr'><strong>limbus</strong></span> <span class='ocrx_word' id='word_1_157' title='bbox 340 3176 539 3262; x_wconf 80' lang='lat' dir='ltr'><strong>vmbrosus</strong></span> <span class='ocrx_word' id='word_1_158' title='bbox 571 3173 705 3263; x_wconf 80' lang='lat' dir='ltr'><strong>Lmue</strong></span> <span class='ocrx_word' id='word_1_159' title='bbox 733 3178 874 3264; x_wconf 84' lang='lat' dir='ltr'><strong>eodem</strong></span> <span class='ocrx_word' id='word_1_160' title='bbox 904 3197 1084 3287; x_wconf 87' lang='lat' dir='ltr'><strong>tempore</strong></span> <span class='ocrx_word' id='word_1_161' title='bbox 1114 3174 1394 3286; x_wconf 74' lang='lat' dir='ltr'><strong>capilunqe</strong></span> 
     </span>
     <span class='ocr_line' id='line_1_21' title="bbox 52 3303 1390 3417; baseline -0.001 -29"><span class='ocrx_word' id='word_1_162' title='bbox 52 3305 249 3416; x_wconf 81' lang='lat' dir='ltr'><strong>lbmgut3</strong></span> <span class='ocrx_word' id='word_1_163' title='bbox 280 3305 388 3417; x_wconf 88' lang='lat' dir='ltr'><strong>quod</strong></span> <span class='ocrx_word' id='word_1_164' title='bbox 418 3307 488 3391; x_wconf 77' lang='lat' dir='ltr'><strong>ubi</strong></span> <span class='ocrx_word' id='word_1_165' title='bbox 519 3303 722 3411; x_wconf 87' lang='lat' dir='ltr'><strong>euenerit,</strong></span> <span class='ocrx_word' id='word_1_166' title='bbox 753 3329 803 3390; x_wconf 86' lang='lat' dir='ltr'><strong>co</strong></span> <span class='ocrx_word' id='word_1_167' title='bbox 836 3307 918 3416; x_wconf 78' lang='lat' dir='ltr'><strong>ipb</strong></span> <span class='ocrx_word' id='word_1_168' title='bbox 947 3319 1156 3389; x_wconf 90' lang='lat' dir='ltr'><strong>momento</strong></span> <span class='ocrx_word' id='word_1_169' title='bbox 1185 3321 1390 3388; x_wconf 87' lang='lat' dir='ltr'><strong>numeren-</strong></span> 
     </span>
     <span class='ocr_line' id='line_1_22' title="bbox 49 3429 1391 3546; baseline -0.003 -30"><span class='ocrx_word' id='word_1_170' title='bbox 49 3450 114 3516; x_wconf 88' lang='lat' dir='ltr'><strong>tur</strong></span> <span class='ocrx_word' id='word_1_171' title='bbox 146 3431 395 3518; x_wconf 81' lang='lat' dir='ltr'><strong>oscillntiones</strong></span> <span class='ocrx_word' id='word_1_172' title='bbox 425 3433 618 3546; x_wconf 82' lang='lat' dir='ltr'><strong>horologii</strong></span> <span class='ocrx_word' id='word_1_173' title='bbox 647 3435 788 3518; x_wconf 89' lang='lat' dir='ltr'><strong>eodem</strong></span> <span class='ocrx_word' id='word_1_174' title='bbox 822 3431 1004 3544; x_wconf 77' lang='lat' dir='ltr'><strong>utsupra</strong></span> <span class='ocrx_word' id='word_1_175' title='bbox 1057 3429 1216 3538; x_wconf 86' lang='lat' dir='ltr'><strong>modo,</strong></span> <span class='ocrx_word' id='word_1_176' title='bbox 1263 3431 1391 3516; x_wconf 87' lang='lat' dir='ltr'><strong>donec</strong></span> 
     </span>
     <span class='ocr_line' id='line_1_23' title="bbox 51 3556 1392 3674; baseline -0.002 -30"><span class='ocrx_word' id='word_1_177' title='bbox 51 3561 203 3647; x_wconf 88' lang='lat' dir='ltr'><strong>limbus</strong></span> <span class='ocrx_word' id='word_1_178' title='bbox 234 3560 441 3646; x_wconf 84' lang='lat' dir='ltr'><strong>luminosus</strong></span> <span class='ocrx_word' id='word_1_179' title='bbox 470 3559 571 3648; x_wconf 84' lang='lat' dir='ltr'><strong>Solis</strong></span> <span class='ocrx_word' id='word_1_180' title='bbox 599 3563 760 3674; x_wconf 80' lang='lat' dir='ltr'><strong>capillos</strong></span> <span class='ocrx_word' id='word_1_181' title='bbox 789 3562 857 3647; x_wconf 86' lang='lat' dir='ltr'><strong>fibi</strong></span> <span class='ocrx_word' id='word_1_182' title='bbox 888 3559 1120 3674; x_wconf 83' lang='lat' dir='ltr'><strong>proximos,</strong></span> <span class='ocrx_word' id='word_1_183' title='bbox 1147 3575 1239 3668; x_wconf 83' lang='lat' dir='ltr'><strong>putu</strong></span> <span class='ocrx_word' id='word_1_184' title='bbox 1269 3556 1289 3641; x_wconf 77' lang='lat' dir='ltr'><strong>l</strong></span> <span class='ocrx_word' id='word_1_185' title='bbox 1299 3561 1314 3642; x_wconf 87' lang='lat' dir='ltr'><strong>i</strong></span> <span class='ocrx_word' id='word_1_186' title='bbox 1350 3573 1392 3640; x_wconf 86' lang='lat' dir='ltr'><strong>et</strong></span> 
     </span>
     <span class='ocr_line' id='line_1_24' title="bbox 51 3685 1390 3796; baseline -0.007 -19"><span class='ocrx_word' id='word_1_187' title='bbox 51 3691 157 3776; x_wconf 88' lang='grc' dir='ltr'><strong>ΑΕ</strong></span> <span class='ocrx_word' id='word_1_188' title='bbox 192 3688 259 3776; x_wconf 81' lang='lat' dir='ltr'><strong>uel</strong></span> <span class='ocrx_word' id='word_1_189' title='bbox 290 3692 385 3774; x_wconf 77' lang='lat' dir='ltr'><strong>alios</strong></span> <span class='ocrx_word' id='word_1_190' title='bbox 411 3691 656 3774; x_wconf 88' lang='lat' dir='ltr'><strong>commodius</strong></span> <span class='ocrx_word' id='word_1_191' title='bbox 684 3706 725 3772; x_wconf 92' lang='lat' dir='ltr'><strong>et</strong></span> <span class='ocrx_word' id='word_1_192' title='bbox 755 3690 881 3775; x_wconf 73' lang='lat' dir='ltr'><strong>utilite</strong></span> <span class='ocrx_word' id='word_1_193' title='bbox 918 3685 1170 3773; x_wconf 70' lang='lat' dir='ltr'><strong>obbmundm</strong></span> <span class='ocrx_word' id='word_1_194' title='bbox 1215 3688 1390 3796; x_wconf 70' lang='lat' dir='ltr'><strong>attinget.</strong></span> 
     </span>
     <span class='ocr_line' id='line_1_25' title="bbox 51 3809 1390 3938; baseline -0.006 -33"><span class='ocrx_word' id='word_1_195' title='bbox 51 3819 123 3905; x_wconf 86' lang='lat' dir='ltr'><strong>Ex</strong></span> <span class='ocrx_word' id='word_1_196' title='bbox 158 3819 401 3930; x_wconf 82' lang='lat' dir='ltr'><strong>temporibus</strong></span> <span class='ocrx_word' id='word_1_197' title='bbox 430 3816 654 3938; x_wconf 82' lang='lat' dir='ltr'><strong>uppnlfuum</strong></span> <span class='ocrx_word' id='word_1_198' title='bbox 684 3816 824 3904; x_wconf 81' lang='lat' dir='ltr'><strong>bonrm</strong></span> <span class='ocrx_word' id='word_1_199' title='bbox 857 3817 1062 3903; x_wconf 67' lang='lat' dir='ltr'><strong>inuenietur</strong></span> <span class='ocrx_word' id='word_1_200' title='bbox 1098 3832 1145 3898; x_wconf 82' lang='lat' dir='ltr'><strong>ut</strong></span> <span class='ocrx_word' id='word_1_201' title='bbox 1180 3809 1298 3928; x_wconf 79' lang='lat' dir='ltr'><strong>&#39;supra</strong></span> <span class='ocrx_word' id='word_1_202' title='bbox 1329 3813 1390 3898; x_wconf 89' lang='lat' dir='ltr'><strong>di-</strong></span> 
     </span>
     <span class='ocr_line' id='line_1_26' title="bbox 52 3939 1391 4060; baseline -0.004 -28"><span class='ocrx_word' id='word_1_203' title='bbox 52 3948 196 4032; x_wconf 78' lang='lat' dir='ltr'><strong>stantie</strong></span> <span class='ocrx_word' id='word_1_204' title='bbox 228 3946 340 4032; x_wconf 88' lang='lat' dir='ltr'><strong>limbi</strong></span> <span class='ocrx_word' id='word_1_205' title='bbox 372 3945 566 4032; x_wconf 76' lang='lat' dir='ltr'><strong>luminofi&#39;</strong></span> <span class='ocrx_word' id='word_1_206' title='bbox 582 3943 681 4032; x_wconf 83' lang='lat' dir='ltr'><strong>Solis</strong></span> <span class='ocrx_word' id='word_1_207' title='bbox 711 3971 736 4030; x_wconf 79' lang='lat' dir='ltr'><strong>e</strong></span> <span class='ocrx_word' id='word_1_208' title='bbox 767 3947 907 4060; x_wconf 79' lang='lat' dir='ltr'><strong>capillo</strong></span> <span class='ocrx_word' id='word_1_209' title='bbox 938 3946 1007 4032; x_wconf 89' lang='lat' dir='ltr'><strong>ilbi</strong></span> <span class='ocrx_word' id='word_1_210' title='bbox 1036 3943 1226 4057; x_wconf 88' lang='lat' dir='ltr'><strong>proximo</strong></span> <span class='ocrx_word' id='word_1_211' title='bbox 1270 3939 1291 4027; x_wconf 80' lang='lat' dir='ltr'><strong>i</strong></span> <span class='ocrx_word' id='word_1_212' title='bbox 1302 3946 1318 4028; x_wconf 85' lang='lat' dir='ltr'><strong>i</strong></span> <span class='ocrx_word' id='word_1_213' title='bbox 1346 3943 1391 4026; x_wconf 87' lang='lat' dir='ltr'><strong>in</strong></span> 
     </span>
     <span class='ocr_line' id='line_1_27' title="bbox 50 4067 1393 4186; baseline -0.001 -29"><span class='ocrx_word' id='word_1_214' title='bbox 50 4075 207 4186; x_wconf 81' lang='lat' dir='ltr'><strong>eupillo</strong></span> <span class='ocrx_word' id='word_1_215' title='bbox 236 4067 556 4162; x_wconf 78' lang='lat' dir='ltr'><strong>GCnumetatr</strong></span> <span class='ocrx_word' id='word_1_216' title='bbox 573 4099 713 4184; x_wconf 80' lang='lat' dir='ltr'><strong>,quoe</strong></span> <span class='ocrx_word' id='word_1_217' title='bbox 742 4075 794 4162; x_wconf 83' lang='lat' dir='ltr'><strong>ud</strong></span> <span class='ocrx_word' id='word_1_218' title='bbox 823 4076 1041 4162; x_wconf 78' lang='lat' dir='ltr'><strong>distantium</strong></span> <span class='ocrx_word' id='word_1_219' title='bbox 1064 4071 1291 4184; x_wconf 80' lang='lat' dir='ltr'><strong>capillortun</strong></span> <span class='ocrx_word' id='word_1_220' title='bbox 1326 4085 1393 4186; x_wconf 77' lang='lat' dir='ltr'><strong>op</strong></span> 
     </span>
     <span class='ocr_line' id='line_1_28' title="bbox 49 4198 1394 4328; baseline 0.004 -46"><span class='ocrx_word' id='word_1_221' title='bbox 49 4222 96 4286; x_wconf 82' lang='lat' dir='ltr'><strong>et</strong></span> <span class='ocrx_word' id='word_1_222' title='bbox 131 4203 182 4287; x_wconf 85' lang='lat' dir='ltr'><strong>l</strong></span> <span class='ocrx_word' id='word_1_223' title='bbox 162 4231 181 4286; x_wconf 80' lang='lat' dir='ltr'><strong>e</strong></span> <span class='ocrx_word' id='word_1_224' title='bbox 210 4203 339 4288; x_wconf 74' lang='lat' dir='ltr'><strong>addite</strong></span> <span class='ocrx_word' id='word_1_225' title='bbox 372 4205 524 4328; x_wconf 88' lang='lat' dir='ltr'><strong>prodet</strong></span> <span class='ocrx_word' id='word_1_226' title='bbox 560 4203 711 4313; x_wconf 79' lang='lat' dir='ltr'><strong>partein</strong></span> <span class='ocrx_word' id='word_1_227' title='bbox 756 4201 984 4290; x_wconf 77' lang='lat' dir='ltr'><strong>luminobm</strong></span> <span class='ocrx_word' id='word_1_228' title='bbox 1018 4198 1120 4286; x_wconf 82' lang='lat' dir='ltr'><strong>Solio</strong></span> <span class='ocrx_word' id='word_1_229' title='bbox 1165 4201 1215 4286; x_wconf 80' lang='lat' dir='ltr'><strong>nb</strong></span> <span class='ocrx_word' id='word_1_230' title='bbox 1262 4199 1394 4319; x_wconf 78' lang='lat' dir='ltr'><strong>eclipsi</strong></span> 
     </span>
     <span class='ocr_line' id='line_1_29' title="bbox 54 4293 1395 4442; baseline 0.001 -28"><span class='ocrx_word' id='word_1_231' title='bbox 54 4329 263 4438; x_wconf 80' lang='lat' dir='ltr'><strong>liberem,</strong></span> <span class='ocrx_word' id='word_1_232' title='bbox 295 4331 337 4412; x_wconf 89' lang='lat' dir='ltr'><strong>in</strong></span> <span class='ocrx_word' id='word_1_233' title='bbox 367 4327 479 4413; x_wconf 90' lang='lat' dir='ltr'><strong>initio</strong></span> <span class='ocrx_word' id='word_1_234' title='bbox 507 4293 780 4415; x_wconf 69' lang='lat' dir='ltr'><strong>obstruatioriis</strong></span> <span class='ocrx_word' id='word_1_235' title='bbox 826 4332 1232 4442; x_wconf 63' lang='lat' dir='ltr'><strong>obtinentemque</strong></span> <span class='ocrx_word' id='word_1_236' title='bbox 1277 4329 1395 4436; x_wconf 78' lang='lat' dir='ltr'><strong>dete,</strong></span> 
     </span>
     <span class='ocr_line' id='line_1_30' title="bbox 51 4393 1397 4586; baseline -0.008 -36.962"><span class='ocrx_word' id='word_1_237' title='bbox 51 4457 195 4574; x_wconf 71' lang='lat' dir='ltr'><strong>pheos</strong></span> <span class='ocrx_word' id='word_1_238' title='bbox 220 4460 342 4546; x_wconf 78' lang='lat' dir='ltr'><strong>etium</strong></span> <span class='ocrx_word' id='word_1_239' title='bbox 373 4453 491 4586; x_wconf 71' lang='lat' dir='ltr'><strong>ipsa,</strong></span> <span class='ocrx_word' id='word_1_240' title='bbox 512 4481 552 4544; x_wconf 86' lang='lat' dir='ltr'><strong>ot</strong></span> <span class='ocrx_word' id='word_1_241' title='bbox 583 4454 753 4573; x_wconf 88' lang='lat' dir='ltr'><strong>politio</strong></span> <span class='ocrx_word' id='word_1_242' title='bbox 749 4457 924 4551; x_wconf 76' lang='lat' dir='ltr'><strong>chordae</strong></span> <span class='ocrx_word' id='word_1_243' title='bbox 952 4393 1162 4547; x_wconf 64' lang='lat' dir='ltr'><strong>noredino</strong></span> <span class='ocrx_word' id='word_1_244' title='bbox 1196 4459 1245 4548; x_wconf 79' lang='lat' dir='ltr'><strong>ad</strong></span> <span class='ocrx_word' id='word_1_245' title='bbox 1285 4459 1397 4541; x_wconf 84' lang='lat' dir='ltr'><strong>diun-</strong></span> 
     </span>
    </p>

    <p class='ocr_par' dir='ltr' id='par_1_7' title="bbox 628 4581 1386 4678">
     <span class='ocr_line' id='line_1_31' title="bbox 628 4581 1386 4678; baseline 0 -6"><span class='ocrx_word' id='word_1_246' title='bbox 628 4581 808 4678; x_wconf 76' lang='lat'>1112</span> <span class='ocrx_word' id='word_1_247' title='bbox 1288 4603 1386 4672; x_wconf 89' lang='lat' dir='ltr'><strong>num</strong></span> 
     </span>
    </p>
   </div>
   <div class='ocr_carea' id='block_1_7' title="bbox 0 0 2242 5895">
    <p class='ocr_par' dir='ltr' id='par_1_8' title="bbox 0 0 2242 5895">
     <span class='ocr_line' id='line_1_32' title="bbox 0 0 2242 5895; baseline 0 0"><span class='ocrx_word' id='word_1_248' title='bbox 0 0 2242 5895; x_wconf 95' lang='lat' dir='ltr'><strong> </strong></span> 
     </span>
    </p>
   </div>
  </div>
 </body>
</html>
