4475 5900
2191 13 2201 164 ¹

749 475 848 596 snt
1039 464 1800 578 mannariorurronrcr

757 715 1020 834 proximeque
1049 718 1097 803 ad
1128 715 1165 800 se
1203 717 1372 802 inuicem
1411 715 1705 825 accedentibus,
1741 711 1915 804 distantia
1966 715 2088 806 oualis

564 849 652 930 (6²)
674 845 872 966 1δὶ(1·(62)
903 848 1088 959 dempta
1118 848 1158 930 in
1192 849 1350 932 tendine
1379 848 1612 954 communi,
1644 849 1742 929 inter
1772 845 1991 934 fasciculum
2023 875 2090 932 or·
2203 845 2204 848 ‘

599 939 629 1000 ⁸
760 1003 845 1066 tum
896 1004 949 1063 ex
991 976 1218 1089 aponetuofi
1265 973 1421 1060 musculi
1471 975 1624 1086 oblique
1672 977 1819 1059 externi
1869 979 2089 1062 abdominis

761 1131 803 1193 et
842 1109 972 1216 illum,
1004 1109 1070 1218 qui
1102 1105 1287 1188 oriebatur
1337 1129 1388 1187 ex
1435 1103 1650 1212 cartilagine
1705 1103 1829 1187 costae
1870 1104 2089 1217 septimae,

760 1237 972 1322 arctabatur
1002 1235 1051 1318 ad
1083 1233 1354 1340 latitudinem,
1389 1231 1436 1314 ad
1468 1231 1737 1341 longimdinem
1772 1257 1866 1316 uero
1904 1235 2089 1318 extende·
2205 1249 2206 1264 ¹

759 1367 882 1451 batur.
951 1362 1001 1448 In
1030 1362 1153 1446 sterno
1185 1387 1302 1468 uero,
1337 1359 1404 1443 ubi
1436 1360 1623 1442 oriebantr
1654 1361 1871 1446 tendineum
1905 1365 2088 1472 principi-

763 1496 874 1607 pium
915 1491 1023 1577 fibris
1061 1486 1282 1606 tenuissimis
1331 1487 1533 1592 distinctis,
1566 1489 1612 1572 ad
1647 1506 1778 1572 ortum
1813 1491 1969 1574 musculi
2018 1515 2092 1601 pe·

595 1638 660 1712 63)
682 1614 1219 1730 mestotafisfinistri(6a),
1251 1615 1399 1700 nullum
1418 1640 1584 1698 omnmo
1615 1635 1768 1700 motum
1794 1621 1963 1731 percepi.
2033 1619 2091 1702 At

612 1717 640 1780 Α
763 1775 862 1836 uero
893 1753 973 1832 iarn
1005 1751 1055 1830 ita
1088 1745 1244 1828 extenso
1276 1743 1474 1850 muscu10,
1505 1742 1710 1854 apparebat
1742 1746 1974 1858 principium
2012 1749 2093 1832 sub·

764 1875 979 1964 tilillimum
1012 1875 1117 1958 fibris
1148 1873 1310 1984 spartis,
1343 1874 1476 1956 leniter
1507 1873 1603 1982 quali
1642 1875 1834 1980 dentatis,
1881 1873 2022 1960 sensim
2057 1881 2092 1960 in

764 2009 903 2095 arctius
951 2004 1203 2111 coeuntibus,
1253 2003 1346 2085 oriri
1383 2024 1434 2081 ex
1466 1999 1549 2108 ipso
1580 1999 1704 2084 sterno
1752 2000 1948 2088 intersertis
1996 2005 2096 2089 inter

766 2133 983 2220 tenuissima
1025 2132 1199 2215 tendinea
1232 2131 1340 2212 initia
1381 2125 1592 2235 fibrantm,
1633 2129 1765 2239 quibus
1811 2132 2018 2244 pesioralis
2052 2159 2095 2219 ea
2209 2149 2210 2152 ‘

766 2266 878 2379 plaga
912 2262 1108 2346 exlatere
1139 2259 1248 2344 llemi
1282 2276 1413 2341 ortum
1447 2255 1563 2340 ducit.

884 2391 1056 2510 Quinam
1103 2414 1198 2498 ergo
1230 2389 1270 2469 in
1305 2387 1394 2468 uiuo
1427 2383 1545 2469 fitisset
1575 2385 1683 2469 huius
1723 2384 1875 2472 musculi
1926 2391 2008 2476 usus
2056 2410 2095 2476 et
2210 2395 2211 2398 ‘

768 2517 907 2607 aelios
939 2547 1018 2627 an,
1051 2517 1212 2601 firmato
1240 2513 1369 2619 collo,
1408 2513 1551 2624 aliquid
1568 2515 1743 2598 tribuisset
1760 2517 1808 2600 ad
1839 2513 2093 2607 facilitandam

767 2642 1094 2762 inspirationeml
1126 2641 1190 2730 Sic
1221 2641 1377 2756 quidem
1412 2641 1565 2726 videtur
1595 2643 1754 2753 probare
1802 2645 1878 2728 eius
1919 2651 2095 2737 directio.
2211 2629 2212 2634 Ν

887 2777 1065 2863 Firmato
1095 2795 1223 2860 autem
1258 2769 1443 2882 pedore,
1468 2786 1516 2886 ‚et
1555 2769 1658 2854 rensc)
1697 2770 1868 2858 musculo
1920 2779 2096 2864 abdomi-

772 2909 1050 3018 uirentem,
1083 2930 1132 2993 an
1173 2903 1298 2988 mouit
1337 2896 1544 2985 musculum
1595 2899 1843 2987 mastoideum
1891 2905 2029 2995 effeetu
2058 2911 2095 2993 in

772 3040 869 3125 uiuo
886 3035 1054 3153 pandos

891 3168 941 3253 ln
1007 3166 1148 3251 eodem
1200 3168 1380 3253 cadauere
1444 3164 1483 3246 in
1534 3164 1650 3250 latere
1684 3162 1691 3171 ’
1729 3166 1871 3253 finistro
1928 3168 2099 3279 apparuit

775 3296 882 3407 supra
917 3293 1156 3406 pectoralem
1209 3293 1394 3379 musculus
1441 3318 1604 3403 paruus,
1651 3296 1866 3403 rotundus,
1923 3298 2100 3409 elegans,

587 3468 640 3539 ῃ)
661 3460 731 3526 m,
746 3423 998 3536 “peculiarisz
1030 3420 1223 3509 oriebatur
1253 3420 1315 3506 hic
1354 3420 1461 3509 fibris
1495 3422 1662 3536 dispersis
1711 3422 1791 3537 (1)
1831 3424 1938 3535 supra
1972 3444 2101 3510 ortum

778 3552 997 3638 tendineum
1033 3550 1188 3639 musculi
1220 3551 1387 3663 prioris,
1421 3575 1501 3664 quo
1532 3554 1596 3638 hic
1629 3579 1679 3637 ex
1719 3554 1841 3637 sterno
1880 3553 1989 3641 iuxta
2022 3555 2099 3665 pla-

777 3706 869 3791 gam
903 3682 1062 3769 musculi
1092 3681 1293 3793 pesloralis
1343 3681 1475 3765 finistri
1531 3684 1579 3767 ad
1611 3682 1734 3768 costae
1785 3681 1939 3793 quintae
1988 3683 2105 3767 inser-

588 3820 652 3900 (π)
694 3820 766 3885 utu.
777 3814 955 3922 tionem,
984 3810 1144 3923 exsurgit
1176 3808 1270 3923 (a).
1323 3806 1480 3895 Deinde
1509 3812 1556 3895 ab
1589 3810 1860 3921 aponeuroseos
1899 3811 2105 3917 fasciculO,

644 3902 674 3963 Α
776 3940 845 4025 tbi
876 3959 1006 4026 ortum
1037 3942 1141 4024 ducit
1179 3939 1225 4022 ad
1256 3938 1555 4024 articulationem
1607 3940 1731 4024 tollae
1777 3938 1898 4023 sextae
1949 3943 2106 4023 dextrae

584 4084 644 4163 (a)
662 4078 771 4171 utrm
782 4064 884 4151 fibris
908 4070 1143 4183 longioribus
1160 4072 1174 4166 (
1189 4089 1211 4165 3
1225 4064 1252 4181 ).
1289 4063 1423 4149 Tertio
1441 4070 1573 4153 iisdem
1591 4070 1711 4177 magis
1728 4087 1766 4150 et
1784 4070 1905 4179 magis
1921 4070 2108 4181 elongatis

781 4215 834 4273 ex
885 4198 1108 4305 aponeurofi
1141 4194 1296 4281 musculi
1327 4196 1471 4305 obliqui
1504 4200 1717 4284 abdominis
1747 4200 1895 4281 externi
1939 4198 2107 4303 sinislra,

781 4316 847 4400 ubi
878 4318 937 4403 illa
977 4326 1083 4435 snpra
1125 4327 1240 4415 Resti
1279 4342 1394 4435 caput
1439 4325 1675 4431 secundum,
1712 4327 1974 4435 cartilaginem
2025 4352 2107 4409 mu-

600 4452 737 4532 latrbid
751 4460 1011 4560 veteratum,
1042 4474 1155 4568 atque
1185 4455 1292 4540 sterni
1322 4470 1541 4543 extremum
1560 4453 1776 4543 extenditur
1795 4448 1887 4570 (4).
1938 4454 2110 4542 Fibrillae

2038 4582 2109 4667 hae
