4475 5900
413 386 683 506 nonnata
713 410 1124 509 mutuarum.
1225 550 1228 556 .
1358 370 1359 376 i
1398 422 1493 525 4⁶9

152 640 201 728 in
217 664 294 757 qun
308 638 341 727 P
357 640 484 754 polus,
502 632 544 729 Z
560 644 695 731 nenitb
715 646 753 733 E
768 644 954 761 Qautem
987 659 1239 757 aequaturum
1254 708 1266 753 ‚
1281 644 1321 727 in
1341 670 1420 759 quo
1441 640 1487 716 'l'

152 772 393 883 principium
427 774 704 859 numerationis
735 772 952 860 asoeufionis
989 773 1151 883 retiae,
1201 772 1321 886 fitque
1370 777 1411 861 H
1443 776 1488 861 Ο

151 898 325 986 horizon
357 899 461 1007 loti,
492 901 535 986 in
565 926 645 1014 quo
674 900 892 988 obseruatio
919 902 1091 987 instituta
1119 901 1204 1012 est,
1237 922 1280 985 et
1318 902 1360 987 Α
1393 928 1493 993 cena
1589 904 1594 912 ’

152 1029 209 1114 tri
239 1029 406 1113 umbrae
431 1025 542 1115 locus
570 1055 789 1142 apparens,
831 1028 870 1114 V
903 1054 1018 1117 verus
1057 1048 1241 1142 tempore
1260 1030 1486 1119 obseruatio·

150 1156 242 1281 nis,
274 1180 372 1270 quae
391 1156 534 1245 lucain
547 1161 691 1245 eodem
709 1179 819 1247 erunt
837 1157 980 1245 circulo
997 1160 1199 1268 verticuli,
1214 1164 1397 1273 quoniam
1415 1186 1487 1276 pa-

150 1284 303 1371 rallaxis
319 1284 616 1396 phaenomenon
631 1290 817 1401 deprimit
833 1304 994 1373 tautum.
1039 1288 1113 1374 Per
1128 1293 1170 1375 A
1187 1288 1284 1373 etV
1319 1290 1485 1378 tradudi
1654 1316 1663 1329 ·

151 1412 413 1525 intelligantru
441 1414 744 1505 declinationum
775 1418 906 1504 circuli
935 1414 1023 1502 ΡΑ
1040 1414 1107 1522 Β,
1138 1418 1168 1503 Ρ
1186 1415 1226 1499 V
1244 1413 1289 1502 D
1309 1480 1321 1525 ,
1347 1443 1487 1531 aequa·

150 1543 235 1629 tori
259 1544 300 1627 ln
316 1539 353 1626 B
369 1561 409 1629 et
424 1539 470 1627 D
484 1566 752 1666 occurrentes,
785 1567 826 1635 et
856 1549 1057 1656 exprimet
1072 1546 1175 1631 laea
1191 1542 1228 1631 B
1244 1543 1290 1633 D
1307 1545 1487 1636 differen-

150 1670 252 1757 tiam
270 1668 527 1758 ascentionum
545 1676 741 1761 rectarum
757 1674 883 1763 centri
898 1674 1060 1759 umbrae
1078 1697 1237 1781 ‚uerae‚
1272 1676 1333 1759 seu
1350 1701 1375 1760 e
1391 1698 1484 1759 ceu·

152 1814 223 1884 tro
247 1794 395 1885 Terrae
410 1802 541 1909 vide,
570 1805 742 1919 aequalis
770 1798 979 1888 ascensioni
1004 1800 1134 1887 redae
1151 1799 1285 1913 puncti
1303 1799 1388 1887 Soli
1405 1826 1485 1914 op·,

151 1926 301 2039 posti,
335 1919 377 2013 et
407 1934 625 2043 apparentis
653 1955 726 2019 nro
755 1929 940 2042 superiori
970 1931 1153 2015 inuentae
1167 1996 1180 2039 ,
1195 1964 1199 1970 ·
1212 1954 1288 2042 qua
1313 1931 1399 2017 data
1416 1954 1487 2013 au·

151 2056 263 2168 gutur
298 2060 455 2171 qnoque
501 2055 674 2168 BPD,
722 2084 842 2171 quem
892 2082 1001 2143 attus
1031 2058 1097 2143 bic
1130 2053 1230 2142 BD
1264 2060 1486 2168 mensurat,

152 2185 318 2269 dabitur.
384 2184 431 2271 In
462 2188 651 2299 triangulo
681 2186 883 2298 sphaerico
913 2182 956 2267 A
972 2178 1060 2270 ΡΖ
1090 2186 1229 2272 dautur
1243 2186 1317 2269 tria
1334 2184 1485 2295 latera,

152 2334 303 2425 nempe
332 2307 421 2400 PZ
450 2317 790 2427 complementum
821 2310 1029 2396 altimdinis
1058 2311 1173 2423 poli,
1191 2304 1488 2424 AZcomple·

149 2460 336 2527 mentum
367 2443 574 2528 altitudinis
603 2442 827 2554 apparentis·
845 2438 968 2523 centri
999 2440 1163 2524 umbrae
1180 2464 1251 2551 per
1274 2464 1485 2526 numerum
1522 2512 1533 2535 .

150 2569 386 2680 superiorem
435 2569 742 2677 detemrinatae‚
775 2585 816 2654 et
843 2564 941 2654 ΑΡ
970 2568 1318 2680 complementum
1359 2592 1483 2681 appa·

152 2700 276 2783 tentis
303 2697 563 2784 declinationis
598 2698 768 2783 eimdem
806 2698 953 2783 ibidem
1000 2697 1140 2805 datae,
1189 2696 1342 2783 dabitur
1389 2720 1485 2809 ergo

155 2850 230 2938 per
259 2824 532 2912 reblutionem
561 2826 670 2916 huius
699 2823 875 2936 trianguli
906 2814 1041 2911 ZAP
1068 2824 1237 2935 angulus.
1302 2826 1426 2913 Porro
1442 2828 1488 2911 in

154 2952 347 3069 triangulo
377 2953 523 3043 VAP
553 2955 690 3042 dantur
720 2955 799 3039 duo
829 2955 959 3065 anguli
989 2955 1116 3041 modo
1146 2955 1325 3062 inuenti,
1357 2955 1487 3042 VAP
1589 3065 1591 3070 Ι

154 3101 200 3170 et
230 3083 392 3194 VPA,
424 3109 515 3173 cum
546 3083 669 3170 latere
700 3083 918 3195 intercepto
948 3081 1066 3191 ΑΡ,
1107 3083 1320 3200 inuenietur
1368 3082 1485 3194 igitur

153 3210 251 3299 lanu
282 3213 414 3323 AV,
445 3211 648 3327 parallaxia
676 3209 886 3296 altitudinis
916 3210 1042 3296 centri
1090 3208 1253 3295 umbrae
1299 3227 1486 3322 tempore

155 3339 427 3429 obscurationis
456 3335 633 3428 obtinens
653 3339 815 3452 quaesita
843 3337 992 3456 prorsus
1006 3358 1053 3424 rt
1069 3337 1184 3424 babet
1199 3335 1257 3424 D.
1277 3334 1486 3450 Gregorio

154 3465 264 3556 Data
279 3490 407 3558 autem
425 3471 635 3584 parallaxia
651 3469 973 3554 ltitudinis'centti
988 3467 1151 3554 umbrae
1169 3467 1208 3551 in
1225 3468 1327 3553 disco
1341 3463 1487 3557 Lunari

153 3599 406 3710 conspicuae,
423 3618 466 3685 et
480 3597 739 3686 altitudinibus
754 3595 976 3684 centiorum
1000 3595 1132 3682 Lunae
1156 3609 1200 3679 et
1214 3597 1388 3684 umbrae.
1411 3597 1470 3700 5¹⁰

153 3725 511 3844 Parallaaisquoque
526 3732 645 3816 centri
653 3725 783 3814 Lunae
798 3728 846 3813 ad
861 3723 1483 3840 quamlibetobsenutionempba·

151 3850 236 3942 seua
249 3858 475 3944 inuenietur.
509 3857 579 3945 Ex
595 3848 781 3970 par-allani
797 3857 905 3942 enim
921 3854 1126 3943 altinrdinis
1140 3854 1361 3966 umbrae-iu
1379 3851 1484 3937 disco

153 3982 290 4072 Lunae
305 3987 554 4102 conspicuae,
588 4006 629 4074 et
656 3987 858 4077 altitudine
888 3986 1050 4074 umbrae
1080 4001 1289 4098 apparente
1335 3981 1484 4066 inueni-

154 4134 216 4201 tur
243 4116 420 4202 dillautia
449 4120 641 4226 umbrae,
681 4143 773 4202 cum
813 4100 935 4232 eaque
964 4116 1096 4202 Lunae
1145 4114 1263 4201 etiam
1293 4133 1318 4196 a
1348 4130 1487 4196 centro

154 4243 339 4360 teme,
370 4264 414 4335 et
442 4248 569 4338 tadiua
606 4247 752 4340 Terrae
801 4245 945 4358 ubique
992 4248 1164 4335 consuas
1195 4243 1284 4357 est,
1333 4240 1484 4330 accedit

726 4372 773 4468 N
806 4401 836 4466 u
866 4401 895 4466 u
927 4402 955 4488 a
1366 4391 1484 4500 comp
