4475 5900
791 448 886 561 „2
1128 432 1214 537 nn
1241 430 1460 539 amnas
1491 435 1760 538 nnuma.

852 670 1109 791 'Quantum
1138 671 1187 759 ad
1234 672 1552 785 pulchritudinem
1601 668 1774 758 animalis
1817 682 1860 755 et
1908 670 2110 784 praecipue

790 796 927 917 pellis,
955 800 1054 887 sorte
1095 799 1192 887 haec
1232 799 1330 887 lutra
1383 798 1458 887 sola
1505 796 1811 910 incomparabilis
1842 812 1885 880 et
1912 794 1994 883 fine
2025 796 2109 911 pari

790 953 862 1015 nec
892 930 969 1015 line
1002 930 1157 1040 stupore
1189 928 1360 1039 pilorum
1407 922 1684 1039 pulchritudine
1714 940 1755 1009 ct
1784 914 1949 1009 mollr'tie
1997 923 2122 1011 uelud

791 1056 972 1168 princeps
1001 1080 1143 1140 omnes
1172 1054 1318 1140 Oceani
1348 1052 1443 1139 uasti
1472 1050 1618 1142 incolas
1635 1050 1770 1137 vincit.
1809 1047 1931 1165 Quod
1955 1050 2007 1137 ad
2025 1077 2107 1138 mo
2214 1074 2215 1077 ‘

776 1185 855 1271 'ces
885 1202 968 1267 tam
999 1182 1040 1266 in
1070 1180 1270 1289 Oneum,
1312 1203 1426 1291 quam
1441 1228 1446 1235 ·
1460 1180 1502 1263 in
1531 1179 1754 1263 continente
1799 1177 1926 1261 uicere
1974 1200 2109 1287 amat,

791 1311 998 1421 praecipue
1026 1326 1153 1393 autern
1184 1308 1237 1392 ob
1264 1307 1373 1392 dulce
1403 1302 1527 1391 otium
1560 1303 1716 1394 incultas
1744 1302 1893 1390 Oceani
1910 1302 2046 1389 infitias
2059 1307 2109 1390 in·

789 1437 963 1545 gentibue
1008 1434 1183 1545 gregibus
1230 1432 1430 1539 incolunt,
1477 1452 1640 1542 propter
1671 1431 1803 1517 cibum
1849 1431 2108 1541 capiendum,

792 1553 894 1645 aeliu
921 1560 1034 1645 maris
1063 1558 1308 1667 imminuto,
1331 1558 1415 1643 loca
1439 1556 1621 1665 ardon,
1657 1556 1786 1643 l'axon
1833 1572 1873 1641 et
1904 1558 1995 1643 fucis
2026 1556 2106 1645 her·

793 1683 881 1773 nou
893 1703 1056 1801 petunt,
1086 1707 1306 1795 gammuos
1324 1746 1338 1789 ,
1369 1681 1574 1793 musculos,
1607 1682 1774 1791 mytnlos
1789 1748 1804 1793 ,
1821 1682 1999 1769 cochleas
2015 1751 2029 1794 ,
2046 1710 2106 1798 pa·

791 1811 933 1923 udas,
965 1810 1159 1923 polypos,
1194 1808 1311 1921 sepias
1338 1808 1520 1920 colligunt
1551 1828 1592 1895 et
1622 1812 1817 1896 decorant.
1882 1808 1999 1896 Fucis
2033 1838 2108 1899 ma-

790 1938 883 2023 rinis
910 1963 990 2046 non
1022 1939 1089 2022 nisr
1121 1937 1247 2023 inedia
1278 1936 1434 2021 coadiae
1464 1932 1692 2045 pascuntur,
1726 1937 1938 2022 comedunt
1968 1938 2109 2049 pisces,

789 2063 936 2174 aphyas
970 2088 1056 2148 acus
1102 2084 1144 2146 et
1182 2062 1373 2173 pisciculos
1404 2061 1685 2147 Kamtschatico
1714 2063 1899 2147 idiomate
1931 2062 2043 2173 lirky
2058 2068 2108 2153 di·
2214 2144 2215 2177 ,

791 2188 908 2297 fios,
938 2215 963 2274 a
993 2187 1165 2275 llodaibtts
1194 2186 1340 2273 vernali
1368 2202 1551 2295 tempore
1580 2190 1789 2273 incredibili
1819 2192 1930 2299 copia
1963 2192 2004 2275 in
2031 2192 2108 2279 littn
2214 2270 2215 2307 ,

791 2316 1041 2420 eliminatos,
1070 2338 1141 2397 uec
1171 2310 1357 2397 abstinent
1387 2336 1409 2393 a
1441 2314 1623 2399 camibtu'.
1687 2312 1824 2401 Inueni
1870 2315 2009 2401 lutum
2055 2322 2109 2406 nl·
2214 2310 2215 2379 l

795 2441 909 2526 oeritn
952 2440 1072 2525 lutrae
1121 2438 1336 2524 excoriatae
1350 2424 1537 2521 'abiectae
1567 2448 1695 2530 cardea
1730 2442 2108 2559 comederemus

796 2584 844 2654 et
876 2567 1141 2690 pamphagaun
1172 2562 1315 2651 animal
1344 2554 1585 2688 censendum.

722 2884 726 2889 ·
910 2822 1066 2931 Hyeme
1098 2821 1239 2934 parlim
1274 2824 1380 2937 super
1410 2822 1552 2935 glacie,
1585 2826 1797 2938 partimin
1827 2828 1939 2916 litore
1960 2832 2109 2942 iacent,

792 2948 929 3039 aestate
957 2952 1093 3037 fluuios
1117 2952 1391 3062 ingrediuntu,
1422 2955 1509 3036 imo
1541 2954 1590 3038 ad
1619 2955 1717 3040 lacus
1744 2977 1926 3068 pergunt,
1956 2984 2006 3046 ac
2036 2963 2112 3050 dul·

795 3082 902 3164 cibus
930 3080 1033 3189 aquis
1063 3075 1313 3162 vehementer
1342 3077 1597 3187 delediautur,
1629 3083 1757 3166 calidis
1785 3083 1914 3171 diebus
1959 3091 2112 3174 conual-

657 3273 660 3277 ἵ
793 3207 848 3292 les
877 3226 918 3286 et
948 3203 1102 3286 recessus
1133 3203 1331 3288 umbrosos
1362 3207 1457 3289 intra
1489 3207 1651 3291 montes
1672 3229 1838 3319 petunt,
1871 3212 1998 3325 ibiqrte
2027 3241 2112 3301 rno-

794 3353 835 3412 re
883 3328 1074 3411 limianrin
1111 3330 1236 3410 uanos
1273 3328 1382 3414 ‘lusus
1430 3353 1631 3418 exercent:
1684 3335 1897 3445 hilaritate,
1950 3339 2113 3454 tabu,

793 3453 936 3572 pedum
967 3452 1160 3537 celeritate
1189 3458 1321 3542 omnia
1351 3457 1497 3572 reliqua
1527 3460 1726 3576 amphibia
1757 3465 1923 3555 vincunt.

912 3709 962 3797 ln
991 3711 1209 3796 continente
1239 3714 1363 3800 iacem
1396 3743 1509 3804 more
1539 3743 1713 3828 canaam,
1752 3747 1912 3834 corpore
1937 3794 1945 3804 .,
1958 3741 2114 3810 mutot-

795 3860 874 3944 to,
922 3843 1124 3948 antequam
1154 3862 1179 3921 e
1206 3844 1301 3925 mari
1352 3845 1481 3953 cgreffl
1538 3844 1714 3934 somnum
1765 3855 1948 3961 capiunt,
2002 3877 2114 3937 excu-

797 3967 901 4052 tiunt
931 3989 1044 4049 more
1076 3987 1212 4050 canum
1242 3967 1378 4077 'aquam
1410 3996 1607 4081 omnem,
1636 3977 1725 4061 dein
1755 3980 1998 4065 anterioribus
2046 4004 2111 4090 pe

795 4093 905 4176 dibus
936 4115 1048 4177 more
1077 4113 1248 4180 catorum
1282 4095 1415 4181 faciem
1447 4097 1694 4212 demulcent,
1730 4120 1865 4214 corpus
1902 4105 2114 4216 stringant,

794 4217 895 4327 pilos
926 4219 1134 4325 ordinant,
1163 4243 1277 4330 caput
1307 4223 1355 4306 ab
1386 4247 1464 4308 uno
1481 4227 1610 4312 'latere
1638 4228 1678 4312 in
1708 4232 1869 4318 alaeam
1904 4234 2114 4339 motitant,

791 4343 829 4431 sc
846 4341 1044 4425 ineuntur
1073 4345 1218 4456 tibique
1249 4351 1348 4435 mire
1378 4350 1547 4464 placent.
1584 4356 1675 4444 Vidi
1705 4382 1829 4448 mares
1858 4360 1988 4446 uarios
2016 4359 2116 4444 lusus

849 4517 853 4522 Δ
1342 4525 1347 4528 -
2021 4509 2114 4573 nun
