4475 5900
469 408 555 506 nn
584 394 807 508 amma
822 368 1094 562 aramma
1393 410 1487 528 ιο,
1549 455 1553 463 -

281 637 841 758 vidiinquodtorniml
884 643 1012 734 ehem
1053 643 1319 742 &sindual
1368 667 1491 761 partes

166 767 274 857 velut
290 770 485 882 ungulam
516 771 701 859 bouillam
730 772 890 882 diuibs,
920 774 1076 862 diuisura
1107 797 1238 864 autem
1268 777 1362 864 haec
1394 779 1496 864 mdis

165 900 377 986 admodum
407 916 448 984 et
461 980 465 986 ,
479 904 521 987 in
551 902 713 988 concula
744 902 867 990 saltim
898 904 1126 1013 erat,cal1
1171 911 1329 1019 potius,
1378 929 1496 1019 quam

169 1050 322 1114 naturae
359 1027 695 1138 induſtria—sada,
728 1055 780 1116 eo
807 1032 953 1118 facilior
983 1056 1028 1118 ac
1056 1034 1290 1147 pollibilior,
1320 1059 1398 1148 quo
1414 1058 1497 1120 ma-

169 1159 231 1266 gis
259 1157 419 1244 cuticula
446 1158 574 1245 chelas
618 1161 801 1274 obttgem
828 1163 884 1249 ob
913 1161 1131 1252 ariditatem
1163 1165 1265 1251 fitam
1297 1165 1346 1251 ad
1363 1161 1502 1250 fiffittat

166 1282 357 1396 dispofita.
1057 1323 1062 1330 ’
1261 1369 1270 1392 ,
1522 1321 1525 1328 ·

291 1412 507 1527 Exequitur
535 1433 666 1505 autem
715 1417 843 1508 homo
875 1422 951 1510 bic.
970 1424 1212 1536 Platonicus,
1259 1443 1304 1512 ut
1351 1415 1500 1509 Clarils.

170 1533 263 1627 Ioh.
298 1545 402 1631 Raio
430 1548 548 1630 iocari
579 1547 752 1659 placuit,
783 1552 947 1638 brachiis
960 1554 1021 1639 his
1050 1557 1157 1639 varia
1175 1555 1338 1658 munia,
1368 1551 1427 1636 his
1442 1571 1510 1632 na·

177 1687 235 1753 tat
266 1674 386 1756 veluti
417 1671 693 1760 branchialibus
719 1682 875 1789 pinnis,
907 1681 969 1764 his
997 1683 1163 1790 graditur
1210 1683 1250 1763 in
1284 1675 1428 1762 uadoso
1459 1673 1509 1760 ll·

178 1815 264 1882 tore
294 1825 364 1884 ceu
396 1826 485 1885 cum
517 1803 707 1912 pedibus,
736 1804 797 1888 bis
823 1805 1024 1892 firmaret
1056 1807 1228 1892 continet
1258 1805 1295 1890 se
1325 1807 1426 1890 inter
1449 1800 1509 1886 lu·

178 1925 284 2012 brica
316 1927 435 2036 baa,
465 1927 525 2014 his
552 1929 650 2016 fodit
680 1951 723 2017 et
752 1955 973 2021 auerntncat
1006 1934 1109 2020 uros
1138 1955 1179 2019 et
1209 1935 1384 2048 gramina
1424 1951 1511 2014 ma·
1580 1961 1582 1968 ¹

181 2056 266 2143 rim
299 2082 320 2141 a
355 2055 479 2165 laxis,
512 2075 559 2141 st
596 2083 710 2170 etputts
741 2063 910 2170 pedibus.
924 2063 1202 2171 anterioribus,
1233 2063 1293 2148 bis
1330 2058 1508 2146 innititur

107 2187 140 2226 ²
179 2205 225 2268 et
257 2184 480 2270 validissime
509 2186 672 2294 restitit,
711 2189 806 2272 dum
840 2213 943 2274 vnto
973 2183 1117 2302 petitm
1148 2214 1199 2274 ex
1233 2190 1338 2300 aquis
1367 2189 1408 2271 in
1443 2184 1511 2270 fic·

179 2339 273 2397 cum
304 2314 461 2399 trahitur
492 2315 590 2400 adeo
620 2332 667 2397 vt
698 2315 858 2399 cuticula
891 2316 986 2400 baec
1003 2313 1154 2400 brachia
1171 2317 1407 2402 circumdans
1433 2309 1514 2397 nur

181 2441 331 2526 frastim
363 2441 536 2546 debliat,
567 2440 732 2552 denique
759 2440 885 2526 oelbo
926 2441 1093 2528 libidinis
1130 2443 1274 2554 pertita
1333 2434 1514 2526 soemelh

181 2565 312 2683 supina
344 2571 386 2654 in
415 2567 530 2654 dorso
545 2587 675 2652 natans
690 2568 1015 2685 supemenientpm
1032 2571 1217 2656 amasium
1233 2570 1295 2658 his
1311 2565 1515 2684 amplexa·
1604 2641 1607 2646 .

185 2714 251 2784 tur
279 2716 321 2782 et
353 2714 486 2805 tenet,
517 2697 629 2810 seque
661 2695 820 2784 viciffim
850 2697 1034 2812 amplecti
1061 2700 1218 2811 patirur.

306 2823 512 2912 Mammas
542 2827 639 2911 duae
668 2826 710 2908 in
740 2826 898 2936 pedore
928 2827 1018 2914 litae
1048 2825 1134 2911 sunt
1164 2845 1311 2938 praeter
1333 2843 1519 2912 normam

187 2954 355 3041 aliorum
387 2953 640 3062 animalium,
671 2976 722 3037 eo
751 2956 902 3063 prorsus
931 2956 1022 3039 loco
1050 2973 1092 3038 et
1124 2954 1249 3039 somn
1265 2975 1310 3037 vt
1327 2956 1369 3037 in
1387 2952 1520 3037 homi·

188 3107 243 3167 ne
273 3064 337 3167 riu
376 3106 460 3165 eno
490 3066 647 3194 'quoque
697 3080 883 3190 brachio,
927 3106 1105 3167 mamma
1152 3106 1228 3167 ma
1260 3083 1300 3167 in
1329 3081 1523 3167 dometm

187 3208 460 3329 sesqui-pedes
487 3210 635 3321 longa,
665 3233 869 3319 connexa,
896 3211 1024 3296 multis
1052 3208 1242 3319 spiralibus
1271 3209 1369 3320 mgis
1408 3230 1524 3317 rugo-

189 3337 258 3445 u,
287 3335 532 3450 glandulosa,
562 3338 771 3450 praedura,
802 3339 969 3424 vaccinis
996 3339 1156 3446 durior,
1186 3337 1322 3447 absque
1354 3334 1430 3420 ulla
1465 3337 1526 3418 in·

194 3468 380 3552 termixta
411 3468 670 3581 pinguedine,
700 3466 921 3581 panniculus
960 3486 1089 3553 autem
1139 3464 1341 3577 adiposus,
1394 3481 1522 3548 totum
1673 3516 1679 3529 ·

195 3620 333 3707 corpus
362 3596 560 3702 ambiens,
591 3596 712 3681 solum
744 3593 936 3680 incumbit
965 3596 1157 3702 eaedem,
1184 3596 1319 3678 eadem
1351 3616 1421 3701 qua
1454 3587 1526 3671 ali·

197 3724 241 3807 bi
272 3721 459 3829 crassitie,
490 3724 648 3809 cuticula
677 3748 774 3808 ueto
806 3724 950 3808 ibidem
982 3725 1161 3830 tenuior,
1193 3720 1379 3821 mollior,
1411 3738 1527 3825 rugo·

198 3851 305 3956 fior,
337 3851 475 3961 papilla
504 3855 649 3962 pariter
679 3851 838 3937 cuticula
875 3852 982 3963 nigra
1011 3853 1052 3936 io
1086 3850 1225 3935 orbem
1254 3846 1419 3959 rugosa,
1466 3839 1526 3926 sed

192 3979 316 4091 „molli
346 3980 606 4088 circumdata,
639 3978 706 4063 sub
737 3976 822 4092 ipso
864 3979 1023 4066 brachio
1070 3978 1129 4064 sen
1176 3976 1289 4063 axilla
1339 3974 1530 4081 utrimque

202 4106 369 4220 pendet,
393 4132 437 4189 ac
469 4110 509 4191 in
538 4107 757 4191 ladantibus
788 4137 832 4212 4.
863 4109 1029 4218 pollices·
1046 4107 1161 4219 longa
1190 4105 1306 4218 sesqui
1337 4104 1469 4205 trulla,
1489 4098 1530 4185 iu

204 4236 353 4344 reliquis
384 4256 544 4342 autem,
576 4238 642 4345 qui
673 4235 904 4321 abladamnt
942 4255 1116 4319 autnon
1149 4238 1243 4319 dum
1284 4246 1532 4347 pepererunt,

205 4363 262 4450 ita
293 4364 506 4449 contractae
537 4365 638 4449 iutro
666 4384 706 4448 et
735 4365 864 4449 breues
909 4359 1020 4475 sum,
1064 4384 1112 4451 ut
1144 4363 1359 4453 verruculae
1409 4355 1533 4443 saltim

718 4546 722 4554 ·
776 4491 936 4614 Qqa
1362 4484 1536 4575 fortuitae
