4475 5900
739 409 835 510 ¹76
898 387 1044 492 usas
1073 376 1246 492 soors
1269 363 1666 475 omununurr
1706 325 1955 458 suoru
1986 377 2064 454 m.

712 1207 717 1213 .
854 1009 1191 1255 fflospmdarur
1220 1153 1287 1218 ras
1316 1121 1417 1216 ΑΒ
1444 1125 1486 1274 io
1515 1122 1636 1210 libero
1671 1125 1764 1206 re're
1794 1144 1873 1267 ope
1911 1131 2064 1208 catenae

741 1253 1552 1512 ,Αὗεῗτῗωῗῗέῒᾙὲυἶρεᾞᾶ
1581 1267 1739 1466 iffi
1760 1249 1924 1464 ciffi
1951 1391 1994 1460 et
2008 1368 2068 1461 tu·

558 1553 562 1559 ’
744 1525 937 1649 spiciendo
970 1522 1318 1630 Thermourettum
1347 1539 1465 1627 aquae
1495 1507 1751 1616 numerum,
1782 1507 1986 1594 habebitur
2011 1477 2069 1590 ‹1'

863 1647 908 1765 9)
937 1650 1167 1768 obstruetur
1195 1647 1398 1758 temperies
1414 1644 1513 1730 a'e'u's
1528 1665 1606 1752 ope
1623 1638 1770 1725 alterius
1786 1636 1920 1728 limilis
1942 1633 2070 1723 Ther·

743 1781 934 1873 mometri
965 1781 1007 1862 in
1039 1782 1128 1865 a‘e‘te
1160 1777 1285 1866 libero
1309 1769 1541 1884 pendentis·
2152 1817 2155 1824 .

864 1902 1058 2022 10)Post
1095 1927 1117 2010 ς
1155 1907 1252 1990 mio.
1286 1930 1345 2015 pr.
1388 1902 1497 1987 idem
1547 1899 1685 1982 iterum
1726 1892 1797 1980 fiat
1845 1889 1936 2009 (rel
1983 1888 2070 2007 pon

740 2033 894 2147 longius
922 2029 1101 2147 tempus)
1135 2031 1237 2142 quod
1269 2057 1310 2116 n.
1350 2043 1446 2120 set
1480 2055 1507 2134 9
1542 2027 1769 2132 monium,
1799 2039 1841 2108 et
1862 2021 2070 2111 innotescet

743 2165 1033 2254 mosenum
1062 2161 1089 2253 b
1122 2183 1192 2276 per
1223 2157 1303 2248 hoc
1333 2177 1485 2272 tempus
1514 2152 1579 2240 fieb
1619 2151 1773 2240 definite
1819 2154 1920 2239 a'e'ris
1967 2171 2069 2238 tem·

743 2321 866 2405 pene.

867 2419 943 2536 ιι)
976 2421 1063 2508 Poll
1100 2443 1162 2505 12·
1190 2417 1303 2510 horas
1335 2419 1475 2538 iterum
1522 2416 1648 2502 notari
1696 2409 1820 2528 potest
1867 2412 2069 2527 temperies

745 2573 864 2663 aqme
896 2568 938 2634 et
968 2550 1166 2638 habebitur
1197 2579 1232 2638 a.
1297 2550 1352 2636 Hi
1384 2547 1518 2661 gradus
1546 2543 1728 2633 sufficient
1759 2545 1962 2657 temperiei
1987 2569 2070 2634 me

743 2677 831 2764 tiae
864 2679 961 2763 a‘e'ris
990 2681 1190 2768 interuallo
1227 2701 1283 2760 ια
1316 2679 1499 2764 horarum
1517 2677 1761 2764 inueniendae
1794 2674 1853 2778 (5.
1877 2699 1918 2756 r.
1939 2699 1981 2754 2.
2004 2669 2070 2788 3.)

871 2819 942 2914 ra)
973 2802 1017 2891 Si
1046 2810 1204 2894 tandem
1235 2807 1351 2892 nimis
1380 2805 1589 2892 retardatur
1619 2825 1749 2895 motus
1784 2802 1889 2890 fluidi
1934 2800 2073 2888 Ther-

746 2937 1001 3042 mometrici‚
1034 2936 1128 3021 dum
1162 2937 1367 3050 temperies
1398 2934 1504 3021 fluidi
1534 2935 1583 3023 ad
1613 2936 1846 3049 temperiem
1878 2932 1979 3019 a'e'tis
1993 2928 2071 3018 sen·

746 3065 818 3151 lim
851 3066 975 3175 magis
1013 3066 1210 3177 magisque
1260 3066 1573 3176 appropinquat,
1625 3066 1725 3152 aliud
1758 3087 1824 3149 ras
1852 3062 2005 3173 aequale
2033 3082 2072 3147 et

745 3191 861 3278 fimili
892 3193 1041 3275 ratione
1072 3195 1112 3273 in
1145 3197 1236 3275 a'e’re
1267 3192 1391 3275 libero
1421 3190 1633 3300 suspensum
1666 3192 1789 3301 adlit,
1821 3209 1860 3274 et
1901 3188 2071 3276 infunda-

745 3335 806 3403 tur
838 3319 973 3402 erdem
1006 3317 1192 3427 quantitas
1220 3343 1335 3427 aquae
1365 3317 1505 3403 calidae
1528 3337 1578 3429 et
1610 3319 1722 3406 simili
1755 3321 1879 3405 modo
1926 3340 2073 3405 notetur

746 3447 950 3559 temperies
977 3446 1100 3555 aeris,
1131 3447 1335 3559 temperies
1365 3468 1481 3559 aquae
1511 3446 1660 3557 initialis
1675 3469 1715 3535 et
1734 3451 1942 3563 temperies
1957 3474 2071 3563 aquae

708 3599 710 3602 ·
745 3574 833 3687 post
868 3594 892 3677 5
939 3574 1036 3659 min.
1076 3600 1135 3686 pr.
1169 3574 1235 3659 vel
1285 3573 1431 3685 longius
1477 3592 1659 3688 tempus,
1708 3598 1753 3664 rt
1781 3576 2069 3664 decrementum

745 3703 882 3790 caloris
908 3704 1012 3789 istius
1042 3704 1229 3814 temporis
1258 3704 1458 3794 interuallo
1495 3706 1714 3791 innotescat.
1787 3704 1875 3791 Post
1911 3732 1965 3789 12
1998 3706 2068 3790 ho

745 3856 804 3919 ros
830 3832 1006 3919 {imiliter
1036 3832 1158 3942 potest
1189 3835 1313 3918 notati
1348 3834 1551 3944 temperies
1597 3860 1717 3947 aquae
1748 3864 1784 3923 c.
1864 3834 1933 3920 His
1963 3831 2074 3920 fallis

745 3963 886 4047 iterum
920 3957 1047 4045 media
1076 3962 1282 4073 temperies
1311 3962 1410 4045 a'e‘ris
1440 3962 1601 4047 inueniri
1634 3964 1787 4077 potest,
1829 3982 1874 4050 rt
1904 3964 1998 4065 Μ.
2025 3988 2071 4053 1.

751 4112 792 4168 α.
815 4110 856 4187 a.
887 4086 1105 4197 ostentm,
1137 4090 1232 4175 etsr
1272 4098 1402 4175 moun
1437 4087 1545 4175 fluidi
1589 4091 1908 4199 *thermometrici
1956 4090 2077 4177 rursm
2218 4074 2219 4080 Ν

746 4215 862 4299 nimis
891 4218 1095 4304 retardatus
1125 4218 1208 4323 est,
1249 4242 1314 4303 vas
1354 4218 1457 4330 prius
1503 4215 1619 4305 rursus
1664 4246 1757 4331 aqua
1806 4228 1904 4313 noun
1953 4208 2077 4309 cilina

749 4340 864 4471 irasnfi
893 4343 1142 4439 obseruanoni
1172 4346 1296 4465 potest
1326 4349 1447 4465 aptari
1477 4366 1519 4436 et
1548 4346 1600 4439 fic
1638 4372 1771 4529 porro
1947 4472 1970 4575 ς
2027 4505 2055 4593 ⁵
