4475 5900
343 476 348 481 ’
477 554 566 649 nn
593 554 820 655 nunus
849 550 1130 660 urrunnun.
1388 584 1489 679 sse

157 781 329 879 rlnonun
361 784 534 897 gregibus
564 808 796 905 cooperurnr
828 792 1016 903 reperillir.
1100 792 1199 881 Non
1239 788 1409 880 adducor
1436 814 1487 882 ut

154 914 308 997 credam
341 914 520 998 animalia
553 915 649 1001 haec
682 944 734 1004 ex
765 921 907 1008 aullrrli
939 938 1049 1035 parte
1080 920 1159 1007 huc
1189 922 1356 1035 migrnre
1374 989 1387 1033 ‚
1403 920 1485 1008 hoc

155 1043 264 1124 enirn
279 1160 283 1167 Ι
296 1042 368 1125 iter
394 1044 509 1127 nimis
538 1044 700 1156 longum
733 1047 865 1158 soree,
896 1048 976 1135 duo
1012 1068 1142 1138 nutem
1189 1052 1280 1137 inde
1325 1052 1485 1163 colligo,

156 1165 334 1273 Primum
366 1170 550 1261 Australis
578 1173 682 1259 orbis
711 1176 843 1262 bestias
870 1178 1033 1265 marinas
1062 1180 1215 1266 easdem
1255 1178 1363 1289 else,
1395 1203 1489 1291 quar

153 1292 444 1408 haemisphaerii
503 1300 666 1386 borealis
714 1301 777 1389 sub
823 1306 961 1393 eadent
1019 1307 1253 1420 longitudine
1300 1326 1364 1394 aut
1409 1330 1488 1392 non

155 1407 325 1512 mblturn
388 1427 616 1539 differente,
681 1431 770 1518 dein
835 1434 1015 1521 credibile
1078 1436 1153 1519 else
1214 1424 1360 1520 nostros
1422 1458 1489 1519 ur·

154 1551 215 1641 sos
254 1554 425 1639 marinos
473 1554 566 1667 sub⁸
598 1556 738 1643 eodem
771 1559 889 1671 gradu
953 1564 996 1647 in
1052 1578 1162 1674 parte
1211 1559 1353 1648 boreali
1412 1558 1523 1669 hy-·

154 1682 320 1783 bernnre.
376 1684 493 1770 Forte
524 1682 631 1769 dabit
663 1683 868 1795 aliquando
897 1684 1005 1794 forn,
1037 1705 1085 1772 ut
1126 1710 1217 1771 curn
1256 1711 1328 1771 nos
1357 1684 1487 1773 aestiua

156 1808 375 1895 dinerricula
407 1814 692 1918 inuenerimus,
731 1814 793 1898 alii
831 1813 1030 1925 aliquundo
1077 1812 1332 1923 bybemnrula
1380 1795 1536 1899 inue·'

155 1939 295 2051 uiant,
346 1966 444 2053 qnae
476 1942 505 2027 sr
534 1967 616 2029 non
655 1936 708 2045 eli
739 1959 834 2029 tetra
880 1932 1128 2054 Cornpngnie
1176 1929 1303 2045 ssnnb
1351 1940 1491 2053 diua,

155 2062 254 2153 forte
282 2086 378 2152 tertr
410 2094 490 2155 non
521 2067 640 2181 longe
671 2063 809 2155 abhinc
839 2066 961 2157 diffita
982 2088 1030 2154 et
1046 2071 1246 2182 aliquando
1266 2066 1490 2181 detegenda.

218 2192 360 2281 leones
375 2198 544 2305 duplices
559 2196 643 2283 fieri
658 2196 791 2282 curaui
808 2261 822 2303 ,
839 2221 999 2309 quntum
1016 2195 1126 2309 prior
1159 2197 1244 2309 Fig.
1269 2218 1309 2281 1.
1341 2222 1570 2306 maremm
1588 2218 1667 2303 m

154 2322 244 2411 sistit
260 2323 352 2409 saxo
367 2322 930 2435 insistentem,utplernmque
946 2343 1149 2408 cemuntur
1175 2323 1319 2431 ,altera
1336 2324 1421 2437 Fig.
1444 2352 1493 2412 2.
1754 2338 1758 2344 ’

153 2449 376 2538 foemellam
415 2450 541 2563 supine
579 2454 622 2535 in
668 2446 781 2533 dorso
825 2448 1016 2533 iacentem
1065 2442 1298 2559 minorem,
1339 2452 1490 2563 potilli·

152 2602 270 2667 nnun
301 2574 452 2663 oblrrnc
484 2577 705 2685 rationem,
737 2598 813 2688 qno
843 2577 1091 2688 posterionun
1122 2578 1266 2689 pedum
1283 2574 1403 2691 figtnr
1419 2605 1491 2693 ap-

150 2724 319 2823 pareat,
351 2705 516 2817 quaein
547 2703 701 2791 sedente
729 2703 778 2789 ad
811 2724 983 2791 naturam
1018 2708 1189 2817 exprimi
1220 2728 1309 2811 non
1342 2708 1491 2819 potnit.

214 2834 332 2954 Quod
381 2834 519 2919 attinet
550 2834 601 2919 nd
634 2830 776 2941 stylum
810 2847 849 2916 et
865 2834 1045 2921 ordinem
1076 2834 1357 2942 materiarum,
1385 2832 1491 2922 mul·

90 3032 94 3042 .
152 2965 279 3058 rinno
327 2962 572 3074 negotiorum
623 2985 705 3046 non
734 2963 959 3074 permittit,
1007 2979 1056 3047 ut
1085 2963 1152 3044 nni
1191 2965 1245 3047 rei
1275 2965 1491 3075 perpolien-

151 3095 226 3180 dne
255 3078 424 3179 nmium
453 3079 674 3176 inlnereu'rn
707 3089 773 3176 nisr
803 3090 924 3177 rnultn
954 3088 1019 3175 sub
1050 3087 1224 3175 manibus
1265 3091 1387 3202 perire
1420 3113 1493 3201 pn·

153 3241 290 3332 rerer,
323 3243 483 3335 appono
513 3222 628 3332 igitur
657 3219 810 3330 pultem
842 3216 1026 3326 curiosis,
1059 3209 1191 3301 ter'reis
1227 3217 1324 3304 rufis
1370 3217 1515 3303 incito.

152 3351 269 3460 snm,
297 3348 360 3436 cui
391 3373 460 3435 uas
489 3350 676 3466 transeam¹
700 3345 906 3457 monebit,
934 3343 1182 3459 gratissimum
1208 3345 1309 3431 mihi
1340 3362 1380 3429 et
1411 3337 1492 3432 allii

154 3476 334 3564 officium
366 3477 596 3590 praestabit,
646 3476 857 3563 litotum·
890 3499 1048 3587 magma
1077 3475 1119 3557 in
1150 3493 1374 3585 argenteum
1424 3463 1512 3561 aut¹

152 3632 311 3694 euterun
343 3604 596 3691 tranrsrndere
626 3602 734 3691 velit.
783 3603 904 3720 Quod
936 3602 1002 3688 'vel
1031 3601 1294 3688 minutissimas
1311 3603 1484 3688 circurn-

153 3733 307 3823 stnntirs
336 3736 629 3843 annotnuerim,
663 3753 866 3844 propterea
895 3735 988 3843 egi,
1018 3751 1064 3817 ut
1092 3727 1189 3815 nihil
1205 3728 1349 3815 horurn
1376 3748 1484 3842 pne·

156 3865 444 3972 remitterem,
475 3889 570 3976 «pne
598 3861 697 3948 inihi
727 3861 854 3948 sedulo
883 3861 1068 3971 spectanti
1101 3859 1365 3967 innotuerint,
1392 3855 1486 3944 reli·

155 4017 277 4106 quum
310 3991 479 4105 spondeo
508 4019 575 4078 me
605 3989 752 4078 nonnisr
783 3986 974 4090 verissima
1004 3987 1199 4097 indicare}
1227 3986 1381 4072 breuior
1413 3986 1490 4073 de·
1543 4043 1549 4059 ·

158 4119 314 4234 scriptio
336 4119 484 4234 semper
500 4121 584 4206 fieri
599 4119 747 4231 potell,
778 4145 859 4204 non
891 4139 1020 4208 autern
1054 4113 1205 4230 longior
1220 4129 1285 4206 a!
1309 4111 1498 4239 plenior,

158 4247 192 4370 fi
222 4251 284 4378 ab
300 4249 415 4376 initio
444 4247 718 4370 angustioribus
743 4249 920 4343 remrinls
948 4245 1087 4381 incluse
1118 4241 1205 4376 lide
