4475 5900
93 10 104 104 l

86 117 94 470 f
356 406 627 534 amiram
659 420 1087 539 marturum.
1111 426 1131 512 '·
1316 453 1417 559 nra

100 665 151 751 tia
182 687 253 777 per
282 693 307 753 u
337 668 419 759 let
450 671 534 759 la
569 647 780 761 ueletiam
813 698 884 785 per
921 655 1139 759 alierutram
1171 682 1321 761 tantum
1352 686 1416 763 'ea-

97 821 179 881 rum
218 798 412 886 obscurare
447 801 616 888 sufficiet.

75 955 82 1085 f
206 1053 334 1144 Schol.
366 1053 465 1157 afim
493 1056 682 1145 Diximus
712 1059 753 1143 in
782 1056 1087 1143 antecedentibus
1119 1072 1275 1146 motum
1314 1064 1418 1148 diur-

72 1196 75 1272 Α
91 1210 183 1269 num
215 1188 325 1271 vuius
355 1187 601 1301 cuiuscunque
666 1188 798 1304 puncti
828 1190 868 1271 in
900 1187 1004 1271 disco
1044 1173 1171 1272 Solari
1217 1190 1414 1301 assignabis·

71 1299 73 1331 '
89 1313 133 1397 lis
163 1318 259 1397 intra
291 1341 410 1426 pauca
441 1318 584 1401 minuta
615 1317 801 1428 temporis
831 1315 975 1401 facium
1005 1340 1078 1428 pru
1110 1320 1253 1428 aequali
1283 1305 1413 1406 affumi

87 1441 193 1550 posse
223 1445 348 1527 motui
379 1445 516 1528 diurno
544 1449 663 1528 centri
693 1442 818 1550 Solis,
849 1444 926 1529 srne
957 1445 1039 1528 ullo
1075 1462 1207 1528 errore
1253 1448 1415 1534 sensibili

85 1570 125 1651 iu
157 1568 361 1655 corollariis
394 1573 481 1658 inde
511 1571 732 1657 deducendis
761 1568 1011 1682 affignandO,
1062 1571 1101 1657 id
1138 1572 1241 1688 quod
1291 1573 1413 1661 adhuc
1497 1596 1507 1617 ·

85 1696 239 1783 dubium
273 1698 423 1811 aliquod
455 1701 618 1785 mouere
642 1701 754 1785 alicui
796 1696 895 1782 sorte
933 1700 1091 1809 poterit.
1173 1699 1301 1785 Lubet
1337 1704 1413 1786 itai

83 1851 155 1936 que
187 1828 392 1912 ueritatem
422 1824 550 1911 afferri
582 1824 694 1913 huius
724 1826 912 1937 exemplo
943 1828 1136 1935 probare,
1173 1828 1276 1939 quod
1322 1844 1410 1914 ran'-

80 1954 173 2038 dem
213 1954 394 2040 omnium
445 1953 593 2040 casuum
627 1956 668 2038 in
699 1955 893 2068 eclipsibus
939 1944 1129 2041 Solaribus
1178 1944 1410 2067 possibilium

79 2087 255 2168 maxime
286 2102 501 2195 oppugnet.
566 2082 770 2171 Nimimm
805 2108 1070 2194 proponamus
1085 2083 1195 2166 nobis
1213 2090 1252 2167 in
1276 2086 1409 2198 eclipss

78 2206 235 2318 Solari,
266 2237 363 2323 quae
393 2212 477 2323 ipso
508 2227 688 2323 tempore
719 2209 862 2295 solstitii
896 2210 1076 2294 bmmalis
1093 2213 1288 2319 contingit
1307 2276 1319 2321 ,
1337 2212 1405 2303 ubl
1458 2223 1463 2232 '

76 2334 143 2421 Sol
193 2343 410 2423 maximam
459 2340 637 2421 omnium
675 2336 1006 2444 declinationem,
1055 2356 1148 2449 puta
1184 2329 1259 2441 23⁰
1295 2342 1374 2442 30²
1391 2381 1408 2452 ,·

75 2470 372 2577 maximamque
401 2464 523 2548 etiam
555 2464 787 2549 diametrum
821 2481 1103 2575 apparentem,
1133 2488 1283 2579 nempe
1325 2465 1405 2568 32'

72 2597 182 2697 43²²,
203 2593 349 2704 habet,
377 2590 616 2678 obseruatum
648 2591 726 2673 elle
756 2590 886 2701 phafin
919 2589 1132 2703 eclipseos,
1179 2591 1219 2679 in
1250 2620 1324 2707 qua
1356 2597 1404 2685 li·

70 2748 144 2807 nea
196 2724 307 2833 dg,
357 2748 380 2807 a
420 2705 566 2833 puncto
595 2720 626 2805 d
652 2740 834 2832 tempore
882 2719 1164 2844 obseruationis¹
1199 2724 1403 2839 perclusa,

69 2850 300 2964 deprehensa
336 2852 391 2935 est
423 2878 456 2956 4
488 2852 724 2936 minutorum
759 2849 975 2961 primosum
1008 2850 1227 2962 temporis,
1260 2850 1313 2939 ob
1346 2854 1400 2943 so.

67 2977 179 3065 litam
211 2981 418 3092 angustiam
450 3005 679 3091 camporum
712 2980 752 3062 in
782 2978 880 3062 tubis
903 2978 1083 3061 omnium
1116 2984 1401 3089 cognominum

67 3107 252 3198 linearum
287 3111 492 3220 maxima,
525 3134 641 3219 eaque
672 3107 784 3217 tripla
813 3105 933 3190 lineae
961 3105 993 3191 d
1020 3103 1081 3224 h,
1112 3106 1291 3192 distantiis
1341 3113 1404 3198 ni-·

67 3261 209 3322 norum
239 3248 459 3348 qrrorumurs
487 3239 759 3347 proximomm
792 3254 833 3318 et
864 3232 999 3316 interse
1028 3233 1295 3346 parallelorum
1333 3263 1397 3326 ca·

64 3366 251 3474 pillomm
283 3392 323 3448 rn
355 3367 448 3450 mbo
464 3365 707 3478 extensurum
726 3363 770 3447 iis
786 3360 1052 3468 existentibus,
1070 3385 1230 3473 quarum
1252 3391 1396 3455 unam·

64 3520 258 3606 quamque
286 3515 464 3578 centmm
495 3491 594 3579 Solis
625 3494 664 3575 iu
697 3491 806 3576 linea
831 3484 1162 3608 GCuincedendo
1183 3487 1280 3594 30²²
1296 3515 1396 3583 tem·

63 3625 174 3732 poris
206 3624 404 3735 percurrit.
470 3627 545 3730 His
577 3621 708 3732 posuis
735 3620 946 3705 inuenietur
977 3619 1171 3701 inclinatio
1203 3620 1407 3713 distantiae

63 3741 285 3837 cent'rorum
319 3753 509 3862 utriusque
537 3747 627 3858 disci
654 3751 713 3834 ad
750 3749 923 3834 diurnum
956 3741 1056 3828 Solis
1072 3762 1104 3852 ,²
1132 3745 1201 3831 seu
1243 3751 1405 3860 angulus'

52 3876 241 3990 gab,
290 3870 368 3980 70⁰
403 3873 530 3990 31²3,
579 3898 647 3963 et‘·
671 3877 843 3993 distantia
891 3873 1082 3958 adiurno
1128 3875 1263 3960 centri
1291 3877 1409 3966 Solle*

60 4010 190 4092 versus
239 4009 372 4119 polum
419 4009 618 4095 australem
665 4007 804 4118 pundii
836 4006 867 4090 d
902 4028 921 4082 1
934 4007 981 4104 ς’
1022 4029 1045 4081 2
1052 3999 1128 4104 μ’.
1205 4004 1391 4098 Puuc'lum

59 4136 191 4248 itaque
222 4135 298 4220 hoc
330 4163 373 4226 ea
403 4133 593 4222 celeritate
626 4136 778 4240 latum,
810 4159 880 4244 qua
912 4133 1120 4248 in-diurno
1154 4131 1219 4216 suo
1256 4161 1407 4223 moues

61 4287 158 4369 tur,
193 4265 382 4377 percurret
412 4267 587 4350 diumum
620 4269 740 4350 centri
771 4247 1073 4366 Solis'aashsas
1105 4241 1317 4372 52“³,·boc
1336 4245 1392 4358 est

58 4394 214 4504 ungulis
244 4395 348 4479 horis
380 4385 433 4495 7“
463 4390 650 4512 temporis
682 4395 818 4482 minus
842 4387 1002 4508 spurium
1032 4393 1411 4485 incoesn'emenec

83 4543 94 4568 2
129 4525 253 4610 Tum.
273 4520 329 4609 11.
351 4523 461 4615 Nou.
483 4520 713 4612 Commeat.
986 4517 1007 4610 1
1039 4520 1054 4609 i
1085 4520 1102 4608 i
1330 4543 1390 4612 tur
1438 4515 1440 4522 ’
