4475 5900
697 445 703 456 '
765 470 874 602 μς
1105 483 1193 587 or
1223 477 1437 576 usurus
1467 483 1730 600 Munium.
1883 465 1887 472 ’

765 730 989 808 meantem
1018 731 1238 822 auntmno,
1269 730 1313 800 rt
1343 735 1394 798 ex
1425 714 1585 824 penulis
1615 736 1742 796 recem
1774 711 1989 798 muscitet
2021 711 2062 798 it·

762 849 827 933 lud
860 867 1013 956 tempus
1042 843 1284 947 diffluebam,
1315 839 1403 926 hinc
1434 863 1555 947 uero,
1584 841 1685 948 quod
1716 837 1847 950 primo
1890 862 1979 922 uere
2003 865 2064 948 po-

767 972 951 1064 till'rmum
982 995 1160 1080 generare
1191 967 1410 1076 obstruam,
1442 966 1607 1050 conclusi
1639 967 1735 1049 vltra
1765 991 1906 1051 aunum
1935 965 2068 1050 senum

764 1103 806 1186 iu
836 1120 947 1186 utero
977 1098 1119 1208 gestare
1137 1163 1149 1205 ‚
1167 1121 1246 1180 non
1263 1094 1385 1205 plures
1400 1117 1479 1178 vno
1501 1094 1624 1176 vitulo
1648 1118 1780 1202 parere
1797 1157 1808 1199 ,
1826 1118 1877 1176 ex
1894 1117 2068 1176 comeum

766 1227 949 1312 breuitate
983 1245 1022 1307 et
1049 1225 1139 1308 bino
1182 1246 1437 1306 mammarum
1479 1243 1639 1302 numeru
1690 1219 1909 1325 concludo,
1961 1243 2075 1328 neque

707 1431 713 1440 .
767 1376 960 1467 praeterea
991 1351 1113 1462 plures
1145 1375 1229 1433 vno
1246 1348 1368 1432 vindo
1399 1373 1563 1458 unquam
1585 1350 1677 1430 circa
1694 1366 1856 1431 matrem
1872 1345 2068 1430 obstruaui.

884 1477 1032 1562 Vocant
1060 1495 1187 1562 autem
1219 1474 1315 1560 haec
1345 1473 1576 1557 uomdlsrma
1606 1474 1777 1560 animula
1804 1474 2073 1580 indesinenter,

768 1631 816 1691 ac
848 1630 935 1716 prae
965 1606 1083 1689 nimia
1112 1601 1289 1686 auiditate
1319 1621 1431 1710 caput
1462 1599 1610 1709 semper
1658 1599 1721 1684 sub
1754 1605 1859 1712 aquit
1907 1601 2069 1706 habent,

766 1755 906 1844 putum
935 1728 1119 1836 sollicita,
1148 1731 1198 1814 de
1229 1727 1307 1810 uita
1338 1752 1383 1809 ac
1421 1726 1641 1833 securitate,
1672 1729 1725 1810 ita
1758 1747 1803 1811 ut
1841 1728 1984 1833 cymba
2013 1730 2073 1812 uel

770 1859 910 1962 nudus,
943 1857 1090 1942 medius
1121 1857 1221 1938 inter
1251 1852 1347 1963 ipsos
1374 1855 1533 1963 versari,
1563 1881 1608 1938 ac
1637 1879 1897 1964 quemcunque
1928 1879 2072 1965 egrege

770 2009 876 2069 unco
903 1983 1014 2097 scrire
1044 1982 1154 2091 velis,
1184 1986 1309 2064 secure
1339 1981 1476 2090 eligere
1506 1981 1634 2093 pollis,
1666 1983 1790 2066 omnis
1811 1979 1878 2064 sub
1904 1984 2007 2092 pullu
2023 1982 2072 2064 lt·

767 2107 1287 2216 borilleest,utelaps1s
1318 2135 1360 2209 4.
1395 2127 1460 2191 aut
1495 2133 1538 2207 5.
1572 2110 1728 2192 minutis
1757 2133 1861 2192 nares
1893 2135 1949 2193 ex
1982 2111 2072 2220 aqtds

768 2237 973 2344 exserant,
1002 2259 1129 2320 aerem
1161 2253 1202 2317 et
1232 2233 1439 2342 pauxillum
1471 2258 1587 2344 aquae
1625 2260 1715 2320 cum
1762 2237 1917 2345 ssrepinr
1965 2263 2072 2347 equo

767 2391 857 2452 trun
885 2363 1093 2473 nuspationi
1122 2359 1234 2445 simili
1264 2356 1421 2443 efflent:
1451 2361 1547 2444 inter
1577 2359 1793 2470 pascendum
1810 2383 1939 2448 autem
1960 2389 2071 2448 uuum

770 2491 862 2606 post
888 2493 1049 2576 alterum
1096 2489 1236 2599 pedem
1270 2485 1372 2568 lente
1419 2487 1627 2572 antrersum
1679 2509 1867 2599 mouent,
1913 2491 2074 2601 adeoque

770 2621 916 2731 partim
945 2616 1093 2730 placide
1125 2631 1281 2717 natam,
1311 2611 1453 2722 purtim
1484 2615 1586 2725 quafi
1615 2617 1856 2725 gradiuntur,
1887 2638 1935 2701 ut
1963 2619 2073 2702 boues

768 2763 812 2829 et
827 2770 918 2829 oues
932 2747 1026 2828 iuter
1050 2740 1289 2852 pascendum.
1323 2738 1495 2826 Dimidia
1521 2767 1605 2852 pars
1628 2746 1815 2853 eorporis,
1839 2764 1968 2856 tergus
1989 2745 2075 2830 scili·

770 2859 835 2957 det
850 2891 891 2956 et
906 2871 1019 2957 latera
1036 2873 1207 2956 eminent
1241 2863 1389 2979 semper
1411 2891 1462 2950 ex
1485 2872 1614 2981 aquis:
1649 2872 1743 2993 inter
1766 2869 1990 2981 pastendum
2016 2875 2076 2958 lari

772 2996 885 3088 dorso
919 3000 1073 3085 insidere
1104 2998 1254 3100 solent,
1295 3020 1338 3079 ac
1368 2996 1543 3106 pediculis
1566 2995 1718 3083 illorum
1752 3001 1849 3083 iutra
1879 3000 2078 3085 cuticulam

619 3135 621 3140 '
770 3123 1006 3211 haerentibus
1020 3127 1209 3229 recreari,
1240 3124 1375 3206 eadem
1393 3125 1535 3207 meone
1558 3150 1599 3208 ac
1623 3128 1791 3209 cornices
1814 3152 2019 3236 perconttu
2041 3150 2079 3213 et

769 3252 906 3331 ouium
922 3251 1101 3354 pediculis
1115 3250 1241 3331 solent.
1293 3246 1496 3335 Deuoraut
1522 3269 1743 3360 autemnon
1771 3278 1906 3337 omnes
1931 3257 2078 3365 promi·

769 3368 854 3453 seue
870 3370 975 3455 sucos
993 3435 1005 3477 ,
1032 3370 1093 3456 sed
1113 3373 1309 3481 praecipue
1334 3370 1511 3486 Crispum
1527 3374 1706 3486 Brulltcae
1722 3374 1945 3463 Sabaudicae
1964 3380 2077 3490 solie,

768 3496 1013 3585 camellorum
1047 3492 1108 3611 2.)
1139 3498 1266 3583 sucum
1287 3500 1412 3585 claude
1429 3503 1553 3607 secie,
1588 3501 1647 3617 3.)
1677 3505 1801 3591 fucum
1817 3502 1994 3593 &uncae
2017 3536 2081 3595 au·

770 3625 898 3737 tiquae
914 3626 1112 3737 Romanae
1127 3624 1221 3710 secie
1250 3636 1313 3732 4.)
1344 3630 1468 3714 sucum
1488 3631 1737 3741 longiffimum
1753 3636 1880 3741 llmlqis
1921 3636 1970 3720 ad
1996 3662 2080 3721 ner·

770 3775 868 3839 uum
885 3752 1074 3838 undulatis
1093 3786 1103 3839 ε
1133 3755 1199 3837 ubi
1215 3757 1276 3841 vel
1307 3782 1507 3866 perunum
1524 3758 1626 3843 diem
1643 3757 1817 3869 hospitati
1842 3759 1976 3848 uelut
1990 3830 2007 3871 ,
2021 3768 2081 3849 in-

769 3899 902 4002 gentes
916 3882 1080 3966 radieum
1098 3899 1137 3963 et
1153 3881 1316 3989 stipitum
1336 3888 1457 3969 acerui
1488 3910 1510 3968 o
1542 3885 1713 3971 fluctibus
1735 3894 1775 3971 in
1791 3886 1876 3971 litus
1888 3890 2080 3981 eliminati

770 4026 978 4092 cetnmmt.
1027 4008 1228 4091 Ventribus
1250 4010 1399 4117 repletis
1415 4011 1525 4123 aliqui
1541 4014 1641 4097 iuter
1654 4014 1737 4097 illos
1750 4011 1869 4124 supini
1892 4015 1934 4099 iu
1971 4018 2083 4104 dorm

771 4136 986 4238 omninmt,
1002 4134 1265 4219 retrocedente
1279 4137 1378 4225 aestu
1395 4165 1445 4223 ne
1462 4142 1500 4222 in
1518 4140 1616 4225 srcce
1628 4141 1896 4250 relinquantur,
1912 4160 2080 4230 renote-

769 4248 1024 4343 1dudallttore
1040 4262 1292 4373 longinquius,
1309 4263 1448 4372 hyeme
1464 4291 1486 4350 a
1502 4268 1621 4377 glacie
1640 4269 1987 4355 circallnrsnatante
2003 4276 2081 4353 ne-

771 4398 823 4493 pe
837 4373 1057 4506 suffocantur
1073 4407 1113 4477 et
1129 4390 1274 4479 mortui
1289 4392 1330 4479 in
1345 4392 1654 4507 lituseiiciuntur,
1670 4396 1768 4513 quod
1782 4414 1824 4485 et
1838 4393 1905 4507 fit,
1922 4396 1951 4483 ll
1967 4398 2079 4485 rudis

1953 4526 2077 4641 1th
