<?xml version="1.0" encoding="UTF-8"?>
<!DOCTYPE html PUBLIC "-//W3C//DTD XHTML 1.0 Transitional//EN"
    "http://www.w3.org/TR/xhtml1/DTD/xhtml1-transitional.dtd">
<html xmlns="http://www.w3.org/1999/xhtml" xml:lang="en" lang="en">
 <head>
  <title>
</title>
<meta http-equiv="Content-Type" content="text/html;charset=utf-8" />
  <meta name='ocr-system' content='tesseract 3.04.00' />
  <meta name='ocr-capabilities' content='ocr_page ocr_carea ocr_par ocr_line ocrx_word'/>
</head>
<body>
  <div class='ocr_page' id='page_1' title='image "./novicommentarii12sssrgoog/novicommentarii12sssrgoog_0419.png"; bbox 0 0 4475 5900; ppageno 0'>
   <div class='ocr_carea' id='block_1_1' title="bbox 115 441 1612 804">
    <p class='ocr_par' dir='ltr' id='par_1_1' title="bbox 115 441 1612 804">
     <span class='ocr_line' id='line_1_1' title="bbox 385 441 1612 575; baseline 0.023 -28"><span class='ocrx_word' id='word_1_1' title='bbox 385 539 389 548; x_wconf 13' lang='lat' dir='ltr'>k</span> <span class='ocrx_word' id='word_1_2' title='bbox 463 444 791 555; x_wconf 66' lang='lat' dir='ltr'>ossuum</span> <span class='ocrx_word' id='word_1_3' title='bbox 820 441 1085 557; x_wconf 60' lang='lat' dir='ltr'>Mamilio&lt;</span> <span class='ocrx_word' id='word_1_4' title='bbox 1347 469 1436 563; x_wconf 79' lang='lat' dir='ltr'>ota</span> <span class='ocrx_word' id='word_1_5' title='bbox 1610 570 1612 575; x_wconf 84' lang='grc'><em>,</em></span> 
     </span>
     <span class='ocr_line' id='line_1_2' title="bbox 115 676 1444 804; baseline 0.002 -29"><span class='ocrx_word' id='word_1_6' title='bbox 115 686 280 794; x_wconf 82' lang='lat' dir='ltr'>dentes,</span> <span class='ocrx_word' id='word_1_7' title='bbox 311 680 454 797; x_wconf 74' lang='lat' dir='ltr'>unago</span> <span class='ocrx_word' id='word_1_8' title='bbox 483 691 626 801; x_wconf 84' lang='lat' dir='ltr'>pariter</span> <span class='ocrx_word' id='word_1_9' title='bbox 655 691 755 777; x_wconf 87' lang='lat' dir='ltr'>inter</span> <span class='ocrx_word' id='word_1_10' title='bbox 785 689 976 804; x_wconf 81' lang='lat' dir='ltr'>longiores</span> <span class='ocrx_word' id='word_1_11' title='bbox 1013 684 1113 800; x_wconf 82' lang='lat' dir='ltr'>pilos</span> <span class='ocrx_word' id='word_1_12' title='bbox 1140 676 1281 799; x_wconf 77' lang='lat' dir='ltr'>nigra,</span> <span class='ocrx_word' id='word_1_13' title='bbox 1318 688 1444 797; x_wconf 84' lang='lat' dir='ltr'>apices</span> 
     </span>
    </p>
   </div>
   <div class='ocr_carea' id='block_1_2' title="bbox 111 811 1454 2960">
    <p class='ocr_par' dir='ltr' id='par_1_2' title="bbox 111 811 1449 2960">
     <span class='ocr_line' id='line_1_3' title="bbox 116 811 1440 929; baseline -0.002 -28"><span class='ocrx_word' id='word_1_14' title='bbox 116 834 246 901; x_wconf 89' lang='lat' dir='ltr'>autem</span> <span class='ocrx_word' id='word_1_15' title='bbox 298 811 543 903; x_wconf 87' lang='lat' dir='ltr'>solummodo</span> <span class='ocrx_word' id='word_1_16' title='bbox 578 837 643 903; x_wconf 88' lang='lat' dir='ltr'>aut</span> <span class='ocrx_word' id='word_1_17' title='bbox 675 819 748 929; x_wconf 89' lang='lat' dir='ltr'>pili</span> <span class='ocrx_word' id='word_1_18' title='bbox 777 818 874 905; x_wconf 85' lang='lat' dir='ltr'>vltra</span> <span class='ocrx_word' id='word_1_19' title='bbox 922 818 1128 903; x_wconf 78' lang='lat' dir='ltr'>dinudium</span> <span class='ocrx_word' id='word_1_20' title='bbox 1177 813 1277 925; x_wconf 85' lang='lat' dir='ltr'><strong>nigri</strong></span> <span class='ocrx_word' id='word_1_21' title='bbox 1325 814 1440 925; x_wconf 77' lang='lat' dir='ltr'>fiunt,</span> 
     </span>
     <span class='ocr_line' id='line_1_4' title="bbox 115 938 1444 1053; baseline 0 -26"><span class='ocrx_word' id='word_1_22' title='bbox 115 943 220 1027; x_wconf 75' lang='lat' dir='ltr'>fiendi</span> <span class='ocrx_word' id='word_1_23' title='bbox 252 938 312 1025; x_wconf 84' lang='lat' dir='ltr'>seu</span> <span class='ocrx_word' id='word_1_24' title='bbox 344 944 488 1027; x_wconf 80' lang='lat' dir='ltr'>radices</span> <span class='ocrx_word' id='word_1_25' title='bbox 509 944 624 1030; x_wconf 72' lang='lat' dir='ltr'>‘serici</span> <span class='ocrx_word' id='word_1_26' title='bbox 654 946 767 1030; x_wconf 80' lang='lat' dir='ltr'>instar</span> <span class='ocrx_word' id='word_1_27' title='bbox 795 946 1016 1052; x_wconf 84' lang='lat' dir='ltr'>candicant,</span> <span class='ocrx_word' id='word_1_28' title='bbox 1058 970 1104 1029; x_wconf 85' lang='lat' dir='ltr'>ac</span> <span class='ocrx_word' id='word_1_29' title='bbox 1136 942 1239 1027; x_wconf 78' lang='lat' dir='ltr'>uelut</span> <span class='ocrx_word' id='word_1_30' title='bbox 1277 944 1444 1053; x_wconf 86' lang='lat' dir='ltr'>argentei</span> 
     </span>
     <span class='ocr_line' id='line_1_5' title="bbox 113 1070 1446 1183; baseline -0.002 -29"><span class='ocrx_word' id='word_1_31' title='bbox 113 1070 220 1154; x_wconf 77' lang='lat' dir='ltr'>fiunt·</span> <span class='ocrx_word' id='word_1_32' title='bbox 274 1071 556 1178; x_wconf 82' lang='lat' dir='ltr'>pretiorillnnae</span> <span class='ocrx_word' id='word_1_33' title='bbox 603 1072 719 1183; x_wconf 88' lang='lat' dir='ltr'>pelles</span> <span class='ocrx_word' id='word_1_34' title='bbox 754 1075 826 1160; x_wconf 78' lang='lat' dir='ltr'>vix</span> <span class='ocrx_word' id='word_1_35' title='bbox 855 1098 935 1158; x_wconf 90' lang='lat' dir='ltr'>uon</span> <span class='ocrx_word' id='word_1_36' title='bbox 975 1076 1016 1158; x_wconf 90' lang='lat' dir='ltr'>in</span> <span class='ocrx_word' id='word_1_37' title='bbox 1046 1072 1268 1157; x_wconf 82' lang='lat' dir='ltr'>uniuersum</span> <span class='ocrx_word' id='word_1_38' title='bbox 1315 1073 1446 1182; x_wconf 84' lang='lat' dir='ltr'>nigrae</span> 
     </span>
     <span class='ocr_line' id='line_1_6' title="bbox 113 1197 1447 1313; baseline -0.001 -30"><span class='ocrx_word' id='word_1_39' title='bbox 113 1197 229 1304; x_wconf 76' lang='lat' dir='ltr'>fiunt,</span> <span class='ocrx_word' id='word_1_40' title='bbox 260 1197 356 1280; x_wconf 87' lang='lat' dir='ltr'>aliae</span> <span class='ocrx_word' id='word_1_41' title='bbox 389 1200 473 1309; x_wconf 93' lang='lat' dir='ltr'>pilo</span> <span class='ocrx_word' id='word_1_42' title='bbox 499 1217 680 1311; x_wconf 84' lang='lat' dir='ltr'>argenteo</span> <span class='ocrx_word' id='word_1_43' title='bbox 708 1200 971 1289; x_wconf 86' lang='lat' dir='ltr'>candidiffiroo</span> <span class='ocrx_word' id='word_1_44' title='bbox 1020 1201 1237 1313; x_wconf 79' lang='lat' dir='ltr'>splendente</span> <span class='ocrx_word' id='word_1_45' title='bbox 1282 1198 1324 1281; x_wconf 93' lang='lat' dir='ltr'>iu</span> <span class='ocrx_word' id='word_1_46' title='bbox 1357 1198 1447 1282; x_wconf 80' lang='lat' dir='ltr'>uni·</span> 
     </span>
     <span class='ocr_line' id='line_1_7' title="bbox 115 1318 1448 1433; baseline -0.002 -22"><span class='ocrx_word' id='word_1_47' title='bbox 115 1321 284 1411; x_wconf 79' lang='lat' dir='ltr'>uersum</span> <span class='ocrx_word' id='word_1_48' title='bbox 299 1329 522 1432; x_wconf 83' lang='lat' dir='ltr'>donantur,</span> <span class='ocrx_word' id='word_1_49' title='bbox 554 1352 691 1411; x_wconf 81' lang='lat' dir='ltr'>uenum</span> <span class='ocrx_word' id='word_1_50' title='bbox 728 1328 931 1415; x_wconf 71' lang='lat' dir='ltr'>canonae</span> <span class='ocrx_word' id='word_1_51' title='bbox 962 1344 1175 1414; x_wconf 81' lang='lat' dir='ltr'>occruurmt.</span> <span class='ocrx_word' id='word_1_52' title='bbox 1235 1322 1345 1410; x_wconf 80' lang='lat' dir='ltr'><strong>Licet</strong></span> <span class='ocrx_word' id='word_1_53' title='bbox 1376 1318 1448 1433; x_wconf 87' lang='lat' dir='ltr'>pili</span> 
     </span>
     <span class='ocr_line' id='line_1_8' title="bbox 114 1444 1446 1564; baseline -0.003 -25"><span class='ocrx_word' id='word_1_54' title='bbox 114 1454 287 1539; x_wconf 87' lang='lat' dir='ltr'>colorem</span> <span class='ocrx_word' id='word_1_55' title='bbox 315 1452 441 1537; x_wconf 76' lang='lat' dir='ltr'>tradiu</span> <span class='ocrx_word' id='word_1_56' title='bbox 473 1457 658 1564; x_wconf 86' lang='lat' dir='ltr'>temporis</span> <span class='ocrx_word' id='word_1_57' title='bbox 690 1475 869 1561; x_wconf 86' lang='lat' dir='ltr'>mutent,</span> <span class='ocrx_word' id='word_1_58' title='bbox 903 1457 1072 1539; x_wconf 88' lang='lat' dir='ltr'>multum</span> <span class='ocrx_word' id='word_1_59' title='bbox 1106 1473 1236 1551; x_wconf 76' lang='lat' dir='ltr'>umen</span> <span class='ocrx_word' id='word_1_60' title='bbox 1276 1444 1446 1535; x_wconf 86' lang='lat' dir='ltr'>Zebelli·</span> 
     </span>
     <span class='ocr_line' id='line_1_9' title="bbox 112 1573 1448 1693; baseline -0.002 -29"><span class='ocrx_word' id='word_1_61' title='bbox 112 1583 175 1664; x_wconf 87' lang='lat' dir='ltr'>nis</span> <span class='ocrx_word' id='word_1_62' title='bbox 203 1578 473 1665; x_wconf 86' lang='lat' dir='ltr'>constantiores</span> <span class='ocrx_word' id='word_1_63' title='bbox 501 1579 609 1686; x_wconf 75' lang='lat' dir='ltr'>sumt,</span> <span class='ocrx_word' id='word_1_64' title='bbox 639 1604 713 1663; x_wconf 87' lang='lat' dir='ltr'>noc</span> <span class='ocrx_word' id='word_1_65' title='bbox 742 1604 913 1693; x_wconf 78' lang='lat' dir='ltr'>unquam</span> <span class='ocrx_word' id='word_1_66' title='bbox 945 1573 1167 1669; x_wconf 88' lang='lat' dir='ltr'>Zebellinae</span> <span class='ocrx_word' id='word_1_67' title='bbox 1216 1577 1334 1687; x_wconf 89' lang='lat' dir='ltr'>pelles</span> <span class='ocrx_word' id='word_1_68' title='bbox 1364 1596 1448 1663; x_wconf 86' lang='lat' dir='ltr'>tam</span> 
     </span>
     <span class='ocr_line' id='line_1_10' title="bbox 114 1702 1448 1851; baseline -0.003 -60"><span class='ocrx_word' id='word_1_69' title='bbox 114 1703 267 1791; x_wconf 78' lang='lat' dir='ltr'>intenso</span> <span class='ocrx_word' id='word_1_70' title='bbox 294 1708 426 1792; x_wconf 83' lang='lat' dir='ltr'>mtiuo</span> <span class='ocrx_word' id='word_1_71' title='bbox 455 1709 605 1817; x_wconf 84' lang='lat' dir='ltr'>nigrore</span> <span class='ocrx_word' id='word_1_72' title='bbox 635 1706 838 1817; x_wconf 85' lang='lat' dir='ltr'>splendent</span> <span class='ocrx_word' id='word_1_73' title='bbox 866 1734 912 1791; x_wconf 87' lang='lat' dir='ltr'>ac</span> <span class='ocrx_word' id='word_1_74' title='bbox 942 1702 1117 1791; x_wconf 84' lang='lat' dir='ltr'>lutrinae.</span> <span class='ocrx_word' id='word_1_75' title='bbox 1187 1704 1307 1851; x_wconf 71' lang='lat' dir='ltr'>Quod</span> <span class='ocrx_word' id='word_1_76' title='bbox 1347 1702 1448 1788; x_wconf 86' lang='lat' dir='ltr'>defi-</span> 
     </span>
     <span class='ocr_line' id='line_1_11' title="bbox 113 1824 1448 1945; baseline -0.007 -23"><span class='ocrx_word' id='word_1_77' title='bbox 113 1836 238 1924; x_wconf 86' lang='lat' dir='ltr'>derari</span> <span class='ocrx_word' id='word_1_78' title='bbox 269 1833 417 1943; x_wconf 84' lang='lat' dir='ltr'>potest,</span> <span class='ocrx_word' id='word_1_79' title='bbox 449 1834 609 1917; x_wconf 77' lang='lat' dir='ltr'>unicum</span> <span class='ocrx_word' id='word_1_80' title='bbox 642 1832 720 1917; x_wconf 90' lang='lat' dir='ltr'>hoc</span> <span class='ocrx_word' id='word_1_81' title='bbox 745 1836 799 1917; x_wconf 87' lang='lat' dir='ltr'>est</span> <span class='ocrx_word' id='word_1_82' title='bbox 817 1832 965 1945; x_wconf 87' lang='lat' dir='ltr'>,quod</span> <span class='ocrx_word' id='word_1_83' title='bbox 995 1834 1090 1919; x_wconf 91' lang='lat' dir='ltr'>cutis</span> <span class='ocrx_word' id='word_1_84' title='bbox 1122 1830 1242 1917; x_wconf 90' lang='lat' dir='ltr'>nimis</span> <span class='ocrx_word' id='word_1_85' title='bbox 1257 1824 1374 1915; x_wconf 81' lang='lat' dir='ltr'>craila</span> <span class='ocrx_word' id='word_1_86' title='bbox 1405 1842 1448 1913; x_wconf 88' lang='lat' dir='ltr'>ot</span> 
     </span>
     <span class='ocr_line' id='line_1_12' title="bbox 115 1954 1454 2073; baseline -0.002 -27"><span class='ocrx_word' id='word_1_87' title='bbox 115 1958 327 2073; x_wconf 83' lang='lat' dir='ltr'>ponderosa</span> <span class='ocrx_word' id='word_1_88' title='bbox 343 1960 388 2045; x_wconf 89' lang='lat' dir='ltr'>srt</span> <span class='ocrx_word' id='word_1_89' title='bbox 404 1961 618 2070; x_wconf 81' lang='lat' dir='ltr'>‚adeoque</span> <span class='ocrx_word' id='word_1_90' title='bbox 634 1957 801 2046; x_wconf 92' lang='lat' dir='ltr'>delicatis</span> <span class='ocrx_word' id='word_1_91' title='bbox 829 1963 958 2046; x_wconf 76' lang='lat' dir='ltr'>miurus</span> <span class='ocrx_word' id='word_1_92' title='bbox 986 1960 1151 2045; x_wconf 82' lang='lat' dir='ltr'>arrideat</span> <span class='ocrx_word' id='word_1_93' title='bbox 1163 1957 1317 2070; x_wconf 86' lang='lat' dir='ltr'>,pellis</span> <span class='ocrx_word' id='word_1_94' title='bbox 1342 1954 1454 2043; x_wconf 86' lang='lat' dir='ltr'>adul·</span> 
     </span>
     <span class='ocr_line' id='line_1_13' title="bbox 112 2084 1448 2197; baseline -0.004 -23"><span class='ocrx_word' id='word_1_95' title='bbox 112 2108 180 2174; x_wconf 84' lang='lat' dir='ltr'>tue</span> <span class='ocrx_word' id='word_1_96' title='bbox 236 2089 357 2172; x_wconf 76' lang='lat' dir='ltr'>lutrae</span> <span class='ocrx_word' id='word_1_97' title='bbox 391 2102 438 2169; x_wconf 77' lang='lat' dir='ltr'>rt</span> <span class='ocrx_word' id='word_1_98' title='bbox 477 2086 688 2195; x_wconf 77' lang='lat' dir='ltr'>plurimun</span> <span class='ocrx_word' id='word_1_99' title='bbox 749 2101 797 2184; x_wconf 78' lang='lat'>3¹</span> <span class='ocrx_word' id='word_1_100' title='bbox 813 2088 901 2171; x_wconf 86' lang='lat' dir='ltr'>libr.</span> <span class='ocrx_word' id='word_1_101' title='bbox 954 2087 1132 2197; x_wconf 85' lang='lat' dir='ltr'>pendet.</span> <span class='ocrx_word' id='word_1_102' title='bbox 1168 2086 1301 2173; x_wconf 84' lang='lat' dir='ltr'>Raro</span> <span class='ocrx_word' id='word_1_103' title='bbox 1349 2084 1448 2169; x_wconf 69' lang='lat' dir='ltr'>lirun</span> 
     </span>
     <span class='ocr_line' id='line_1_14' title="bbox 112 2211 1449 2323; baseline -0.001 -24"><span class='ocrx_word' id='word_1_104' title='bbox 112 2213 349 2300; x_wconf 80' lang='lat' dir='ltr'>ortmimode</span> <span class='ocrx_word' id='word_1_105' title='bbox 380 2214 488 2323; x_wconf 82' lang='lat' dir='ltr'>nigra</span> <span class='ocrx_word' id='word_1_106' title='bbox 516 2216 692 2323; x_wconf 65' lang='lat' dir='ltr'>capior,</span> <span class='ocrx_word' id='word_1_107' title='bbox 720 2214 894 2298; x_wconf 85' lang='lat' dir='ltr'>rrrclioris</span> <span class='ocrx_word' id='word_1_108' title='bbox 924 2230 1040 2297; x_wconf 85' lang='lat' dir='ltr'>uotae</span> <span class='ocrx_word' id='word_1_109' title='bbox 1069 2211 1187 2296; x_wconf 87' lang='lat' dir='ltr'>lutrae</span> <span class='ocrx_word' id='word_1_110' title='bbox 1221 2213 1347 2321; x_wconf 89' lang='lat' dir='ltr'>capita</span> <span class='ocrx_word' id='word_1_111' title='bbox 1382 2212 1449 2298; x_wconf 83' lang='lat' dir='ltr'>iu·</span> 
     </span>
     <span class='ocr_line' id='line_1_15' title="bbox 112 2334 1447 2449; baseline -0.004 -20"><span class='ocrx_word' id='word_1_112' title='bbox 112 2368 211 2429; x_wconf 85' lang='lat' dir='ltr'>caua</span> <span class='ocrx_word' id='word_1_113' title='bbox 240 2356 448 2449; x_wconf 70' lang='lat' dir='ltr'>agento,</span> <span class='ocrx_word' id='word_1_114' title='bbox 478 2338 634 2424; x_wconf 81' lang='lat' dir='ltr'>viliores</span> <span class='ocrx_word' id='word_1_115' title='bbox 684 2340 806 2422; x_wconf 88' lang='lat' dir='ltr'>lutrae</span> <span class='ocrx_word' id='word_1_116' title='bbox 845 2338 940 2419; x_wconf 70' lang='lat' dir='ltr'>{iusta</span> <span class='ocrx_word' id='word_1_117' title='bbox 978 2354 1023 2419; x_wconf 85' lang='lat' dir='ltr'>et</span> <span class='ocrx_word' id='word_1_118' title='bbox 1053 2340 1187 2422; x_wconf 77' lang='lat' dir='ltr'>incorn</span> <span class='ocrx_word' id='word_1_119' title='bbox 1224 2334 1362 2449; x_wconf 82' lang='lat' dir='ltr'>capita</span> <span class='ocrx_word' id='word_1_120' title='bbox 1403 2354 1447 2423; x_wconf 86' lang='lat' dir='ltr'>et</span> 
     </span>
     <span class='ocr_line' id='line_1_16' title="bbox 111 2459 1449 2578; baseline -0.001 -23"><span class='ocrx_word' id='word_1_121' title='bbox 111 2471 235 2555; x_wconf 69' lang='lat' dir='ltr'>osseos</span> <span class='ocrx_word' id='word_1_122' title='bbox 266 2466 365 2578; x_wconf 88' lang='lat' dir='ltr'>pilos</span> <span class='ocrx_word' id='word_1_123' title='bbox 394 2464 610 2572; x_wconf 86' lang='lat' dir='ltr'>obtinent·‚</span> <span class='ocrx_word' id='word_1_124' title='bbox 642 2463 771 2549; x_wconf 86' lang='lat' dir='ltr'>infimi</span> <span class='ocrx_word' id='word_1_125' title='bbox 805 2462 949 2549; x_wconf 83' lang='lat' dir='ltr'>ordinis</span> <span class='ocrx_word' id='word_1_126' title='bbox 978 2459 1091 2570; x_wconf 75' lang='lat' dir='ltr'>ont,</span> <span class='ocrx_word' id='word_1_127' title='bbox 1139 2485 1236 2575; x_wconf 88' lang='lat' dir='ltr'>quae</span> <span class='ocrx_word' id='word_1_128' title='bbox 1284 2462 1449 2575; x_wconf 81' lang='lat' dir='ltr'>longiori</span> 
     </span>
     <span class='ocr_line' id='line_1_17' title="bbox 112 2586 1449 2711; baseline -0.002 -30"><span class='ocrx_word' id='word_1_129' title='bbox 112 2597 200 2711; x_wconf 85' lang='lat' dir='ltr'>pilo</span> <span class='ocrx_word' id='word_1_130' title='bbox 228 2610 361 2679; x_wconf 79' lang='lat' dir='ltr'>carent</span> <span class='ocrx_word' id='word_1_131' title='bbox 392 2607 432 2675; x_wconf 88' lang='lat' dir='ltr'>et</span> <span class='ocrx_word' id='word_1_132' title='bbox 471 2590 548 2677; x_wconf 65' lang='lat' dir='ltr'>dia</span> <span class='ocrx_word' id='word_1_133' title='bbox 577 2589 674 2675; x_wconf 81' lang='lat' dir='ltr'>firsca</span> <span class='ocrx_word' id='word_1_134' title='bbox 719 2591 899 2703; x_wconf 74' lang='lat' dir='ltr'>lanugine</span> <span class='ocrx_word' id='word_1_135' title='bbox 944 2590 1127 2701; x_wconf 75' lang='lat' dir='ltr'>gaudmt</span> <span class='ocrx_word' id='word_1_136' title='bbox 1210 2586 1282 2675; x_wconf 80' lang='lat' dir='ltr'>Est</span> <span class='ocrx_word' id='word_1_137' title='bbox 1313 2608 1449 2679; x_wconf 82' lang='lat' dir='ltr'>autern</span> 
     </span>
     <span class='ocr_line' id='line_1_18' title="bbox 112 2719 1446 2831; baseline -0.004 -22"><span class='ocrx_word' id='word_1_138' title='bbox 112 2748 178 2809; x_wconf 81' lang='lat' dir='ltr'>res</span> <span class='ocrx_word' id='word_1_139' title='bbox 207 2746 299 2807; x_wconf 88' lang='lat' dir='ltr'>cum</span> <span class='ocrx_word' id='word_1_140' title='bbox 330 2720 392 2805; x_wconf 85' lang='lat' dir='ltr'>iris</span> <span class='ocrx_word' id='word_1_141' title='bbox 418 2719 647 2805; x_wconf 82' lang='lat' dir='ltr'>animalibus</span> <span class='ocrx_word' id='word_1_142' title='bbox 675 2721 730 2803; x_wconf 85' lang='lat' dir='ltr'>ita</span> <span class='ocrx_word' id='word_1_143' title='bbox 762 2734 1017 2831; x_wconf 76' lang='lat' dir='ltr'>compunta,</span> <span class='ocrx_word' id='word_1_144' title='bbox 1053 2719 1312 2829; x_wconf 86' lang='lat' dir='ltr'>quorumdam</span> <span class='ocrx_word' id='word_1_145' title='bbox 1357 2722 1446 2805; x_wconf 81' lang='lat' dir='ltr'>ani·</span> 
     </span>
     <span class='ocr_line' id='line_1_19' title="bbox 113 2845 1448 2960; baseline -0.005 -21"><span class='ocrx_word' id='word_1_146' title='bbox 113 2850 278 2939; x_wconf 79' lang='lat' dir='ltr'>analium</span> <span class='ocrx_word' id='word_1_147' title='bbox 310 2845 426 2958; x_wconf 82' lang='lat' dir='ltr'>pelles</span> <span class='ocrx_word' id='word_1_148' title='bbox 457 2846 555 2933; x_wconf 78' lang='lat' dir='ltr'>rufos</span> <span class='ocrx_word' id='word_1_149' title='bbox 585 2865 624 2930; x_wconf 90' lang='lat' dir='ltr'>et</span> <span class='ocrx_word' id='word_1_150' title='bbox 652 2872 758 2934; x_wconf 87' lang='lat' dir='ltr'>caros</span> <span class='ocrx_word' id='word_1_151' title='bbox 787 2848 980 2958; x_wconf 83' lang='lat' dir='ltr'>longiores</span> <span class='ocrx_word' id='word_1_152' title='bbox 1010 2847 1111 2958; x_wconf 88' lang='lat' dir='ltr'>pilos</span> <span class='ocrx_word' id='word_1_153' title='bbox 1143 2854 1293 2958; x_wconf 74' lang='lat' dir='ltr'>{emper</span> <span class='ocrx_word' id='word_1_154' title='bbox 1308 2845 1448 2960; x_wconf 78' lang='lat' dir='ltr'>alunt,</span> 
     </span>
    </p>
   </div>
   <div class='ocr_carea' id='block_1_3' title="bbox 112 2963 1691 3086">
    <p class='ocr_par' dir='ltr' id='par_1_3' title="bbox 112 2963 1691 3086">
     <span class='ocr_line' id='line_1_20' title="bbox 112 2963 1691 3086; baseline -0.008 -20"><span class='ocrx_word' id='word_1_155' title='bbox 112 2976 374 3066; x_wconf 80' lang='lat' dir='ltr'>animaliailla</span> <span class='ocrx_word' id='word_1_156' title='bbox 403 2975 484 3085; x_wconf 73' lang='lat' dir='ltr'>ipfi</span> <span class='ocrx_word' id='word_1_157' title='bbox 514 2973 1445 3086; x_wconf 76' lang='lat' dir='ltr'>stupida‚pigca‚·trillia,somnoleutadrnt,</span> <span class='ocrx_word' id='word_1_158' title='bbox 1533 2963 1536 2970; x_wconf 67' lang='grc'><em>’</em></span> <span class='ocrx_word' id='word_1_159' title='bbox 1667 2983 1691 3034; x_wconf 84' lang='lat'>&#39;·</span> 
     </span>
    </p>
   </div>
   <div class='ocr_carea' id='block_1_4' title="bbox 102 3097 1446 4596">
    <p class='ocr_par' dir='ltr' id='par_1_4' title="bbox 102 3097 1446 4491">
     <span class='ocr_line' id='line_1_21' title="bbox 113 3097 1445 3212; baseline -0.005 -20"><span class='ocrx_word' id='word_1_160' title='bbox 113 3106 302 3192; x_wconf 67' lang='lat' dir='ltr'>continuo</span> <span class='ocrx_word' id='word_1_161' title='bbox 332 3104 375 3186; x_wconf 90' lang='lat' dir='ltr'>iu</span> <span class='ocrx_word' id='word_1_162' title='bbox 405 3101 527 3212; x_wconf 80' lang='lat' dir='ltr'>glacie</span> <span class='ocrx_word' id='word_1_163' title='bbox 552 3122 599 3186; x_wconf 81' lang='lat' dir='ltr'>et</span> <span class='ocrx_word' id='word_1_164' title='bbox 624 3098 723 3188; x_wconf 80' lang='lat' dir='ltr'>saxis</span> <span class='ocrx_word' id='word_1_165' title='bbox 748 3102 871 3212; x_wconf 77' lang='lat' dir='ltr'>sopita</span> <span class='ocrx_word' id='word_1_166' title='bbox 899 3101 1056 3207; x_wconf 86' lang='lat' dir='ltr'>iooeut,</span> <span class='ocrx_word' id='word_1_167' title='bbox 1097 3097 1206 3184; x_wconf 78' lang='lat' dir='ltr'>leone</span> <span class='ocrx_word' id='word_1_168' title='bbox 1236 3099 1445 3210; x_wconf 84' lang='lat' dir='ltr'>incedunt,</span> 
     </span>
     <span class='ocr_line' id='line_1_22' title="bbox 112 3225 1445 3344; baseline -0.005 -24"><span class='ocrx_word' id='word_1_169' title='bbox 112 3260 162 3320; x_wconf 85' lang='lat' dir='ltr'>ac</span> <span class='ocrx_word' id='word_1_170' title='bbox 192 3235 330 3344; x_wconf 74' lang='lat' dir='ltr'>aesque</span> <span class='ocrx_word' id='word_1_171' title='bbox 362 3228 439 3314; x_wconf 73' lang='lat' dir='ltr'>ulla</span> <span class='ocrx_word' id='word_1_172' title='bbox 468 3229 643 3329; x_wconf 74' lang='lat' dir='ltr'>includitis</span> <span class='ocrx_word' id='word_1_173' title='bbox 673 3247 714 3312; x_wconf 87' lang='lat' dir='ltr'>et</span> <span class='ocrx_word' id='word_1_174' title='bbox 743 3227 872 3314; x_wconf 80' lang='lat' dir='ltr'>alitrtia</span> <span class='ocrx_word' id='word_1_175' title='bbox 900 3228 1125 3338; x_wconf 70' lang='lat' dir='ltr'>capiuntur,</span> <span class='ocrx_word' id='word_1_176' title='bbox 1175 3225 1275 3338; x_wconf 79' lang='lat' dir='ltr'>quast</span> <span class='ocrx_word' id='word_1_177' title='bbox 1312 3226 1445 3314; x_wconf 86' lang='lat' dir='ltr'>scirent</span> 
     </span>
     <span class='ocr_line' id='line_1_23' title="bbox 114 3351 1446 3470; baseline -0.002 -25"><span class='ocrx_word' id='word_1_178' title='bbox 114 3385 163 3445; x_wconf 83' lang='lat' dir='ltr'>or</span> <span class='ocrx_word' id='word_1_179' title='bbox 193 3360 245 3445; x_wconf 91' lang='lat' dir='ltr'>ob</span> <span class='ocrx_word' id='word_1_180' title='bbox 277 3355 436 3470; x_wconf 86' lang='lat' dir='ltr'>pellium</span> <span class='ocrx_word' id='word_1_181' title='bbox 466 3355 741 3466; x_wconf 83' lang='lat' dir='ltr'>ignobilitaten</span> <span class='ocrx_word' id='word_1_182' title='bbox 766 3351 947 3442; x_wconf 68' lang='lat' dir='ltr'>oedibus</span> <span class='ocrx_word' id='word_1_183' title='bbox 981 3355 1107 3437; x_wconf 82' lang='lat' dir='ltr'>mimus</span> <span class='ocrx_word' id='word_1_184' title='bbox 1137 3353 1309 3440; x_wconf 80' lang='lat' dir='ltr'>obnoxia</span> <span class='ocrx_word' id='word_1_185' title='bbox 1335 3352 1446 3464; x_wconf 76' lang='lat' dir='ltr'>effe,</span> 
     </span>
     <span class='ocr_line' id='line_1_24' title="bbox 113 3477 1446 3596; baseline -0.002 -23"><span class='ocrx_word' id='word_1_186' title='bbox 113 3488 252 3574; x_wconf 82' lang='lat' dir='ltr'>eadem</span> <span class='ocrx_word' id='word_1_187' title='bbox 285 3504 413 3571; x_wconf 85' lang='lat' dir='ltr'>autern</span> <span class='ocrx_word' id='word_1_188' title='bbox 439 3484 580 3570; x_wconf 72' lang='lat' dir='ltr'>modas</span> <span class='ocrx_word' id='word_1_189' title='bbox 606 3482 760 3594; x_wconf 83' lang='lat' dir='ltr'>semper</span> <span class='ocrx_word' id='word_1_190' title='bbox 780 3477 1061 3595; x_wconf 77' lang='lat' dir='ltr'>pulcherrimas</span> <span class='ocrx_word' id='word_1_191' title='bbox 1090 3481 1202 3590; x_wconf 86' lang='lat' dir='ltr'>nigro</span> <span class='ocrx_word' id='word_1_192' title='bbox 1228 3481 1349 3594; x_wconf 83' lang='lat' dir='ltr'>longo</span> <span class='ocrx_word' id='word_1_193' title='bbox 1383 3487 1446 3596; x_wconf 91' lang='lat' dir='ltr'>pi·</span> 
     </span>
     <span class='ocr_line' id='line_1_25' title="bbox 110 3605 1441 3724; baseline -0.003 -24"><span class='ocrx_word' id='word_1_194' title='bbox 110 3616 159 3700; x_wconf 89' lang='lat' dir='ltr'>lo</span> <span class='ocrx_word' id='word_1_195' title='bbox 191 3613 344 3699; x_wconf 78' lang='lat' dir='ltr'>restitas</span> <span class='ocrx_word' id='word_1_196' title='bbox 372 3611 545 3720; x_wconf 63' lang='lat' dir='ltr'>huben,</span> <span class='ocrx_word' id='word_1_197' title='bbox 572 3637 602 3697; x_wconf 81' lang='lat' dir='ltr'>e</span> <span class='ocrx_word' id='word_1_198' title='bbox 633 3636 713 3724; x_wconf 91' lang='lat' dir='ltr'>quo</span> <span class='ocrx_word' id='word_1_199' title='bbox 734 3609 900 3696; x_wconf 87' lang='lat' dir='ltr'>conclufi</span> <span class='ocrx_word' id='word_1_200' title='bbox 913 3609 1081 3719; x_wconf 87' lang='lat' dir='ltr'>duplicia</span> <span class='ocrx_word' id='word_1_201' title='bbox 1098 3605 1161 3723; x_wconf 78' lang='lat' dir='ltr'>a.)</span> <span class='ocrx_word' id='word_1_202' title='bbox 1181 3609 1296 3719; x_wconf 83' lang='lat' dir='ltr'>pelles</span> <span class='ocrx_word' id='word_1_203' title='bbox 1314 3613 1441 3721; x_wconf 84' lang='lat' dir='ltr'>pigro-</span> 
     </span>
     <span class='ocr_line' id='line_1_26' title="bbox 110 3736 1446 3851; baseline -0.003 -23"><span class='ocrx_word' id='word_1_204' title='bbox 110 3767 203 3828; x_wconf 87' lang='lat' dir='ltr'>rum</span> <span class='ocrx_word' id='word_1_205' title='bbox 233 3739 458 3826; x_wconf 84' lang='lat' dir='ltr'>auinnlium</span> <span class='ocrx_word' id='word_1_206' title='bbox 486 3739 544 3824; x_wconf 91' lang='lat' dir='ltr'>ob</span> <span class='ocrx_word' id='word_1_207' title='bbox 573 3739 613 3824; x_wconf 90' lang='lat' dir='ltr'>id</span> <span class='ocrx_word' id='word_1_208' title='bbox 646 3738 848 3851; x_wconf 73' lang='lat' dir='ltr'>praaipne</span> <span class='ocrx_word' id='word_1_209' title='bbox 875 3737 1042 3823; x_wconf 86' lang='lat' dir='ltr'>brouiori</span> <span class='ocrx_word' id='word_1_210' title='bbox 1068 3736 1316 3822; x_wconf 80' lang='lat' dir='ltr'>solummodo</span> <span class='ocrx_word' id='word_1_211' title='bbox 1356 3739 1446 3849; x_wconf 87' lang='lat' dir='ltr'>pilo</span> 
     </span>
     <span class='ocr_line' id='line_1_27' title="bbox 107 3859 1441 3980; baseline -0.001 -26"><span class='ocrx_word' id='word_1_212' title='bbox 107 3859 270 3977; x_wconf 84' lang='lat' dir='ltr'>donari,</span> <span class='ocrx_word' id='word_1_213' title='bbox 287 3867 389 3980; x_wconf 81' lang='lat' dir='ltr'>quod</span> <span class='ocrx_word' id='word_1_214' title='bbox 411 3868 601 3976; x_wconf 87' lang='lat' dir='ltr'>longiores</span> <span class='ocrx_word' id='word_1_215' title='bbox 625 3867 782 3972; x_wconf 77' lang='lat' dir='ltr'>aestate,</span> <span class='ocrx_word' id='word_1_216' title='bbox 806 3867 849 3950; x_wconf 89' lang='lat' dir='ltr'>iu</span> <span class='ocrx_word' id='word_1_217' title='bbox 874 3889 984 3952; x_wconf 83' lang='lat' dir='ltr'>arena</span> <span class='ocrx_word' id='word_1_218' title='bbox 1010 3862 1047 3950; x_wconf 88' lang='lat' dir='ltr'>le</span> <span class='ocrx_word' id='word_1_219' title='bbox 1070 3864 1279 3952; x_wconf 70' lang='lat' dir='ltr'>volutantia</span> <span class='ocrx_word' id='word_1_220' title='bbox 1307 3867 1441 3952; x_wconf 85' lang='lat' dir='ltr'>attritu</span> 
     </span>
     <span class='ocr_line' id='line_1_28' title="bbox 107 3991 1443 4104; baseline -0.001 -23"><span class='ocrx_word' id='word_1_221' title='bbox 107 3997 293 4082; x_wconf 79' lang='lat' dir='ltr'>crebriori</span> <span class='ocrx_word' id='word_1_222' title='bbox 321 3995 533 4102; x_wconf 83' lang='lat' dir='ltr'>eradicent,</span> <span class='ocrx_word' id='word_1_223' title='bbox 558 3992 703 4101; x_wconf 80' lang='lat' dir='ltr'>hyeme</span> <span class='ocrx_word' id='word_1_224' title='bbox 726 4012 854 4079; x_wconf 86' lang='lat' dir='ltr'>autem</span> <span class='ocrx_word' id='word_1_225' title='bbox 880 3995 976 4080; x_wconf 87' lang='lat' dir='ltr'>dum</span> <span class='ocrx_word' id='word_1_226' title='bbox 995 3993 1153 4090; x_wconf 83' lang='lat' dir='ltr'>madida</span> <span class='ocrx_word' id='word_1_227' title='bbox 1169 3997 1217 4078; x_wconf 88' lang='lat' dir='ltr'>in</span> <span class='ocrx_word' id='word_1_228' title='bbox 1233 3991 1362 4104; x_wconf 66' lang='lat' dir='ltr'>glacie</span> <span class='ocrx_word' id='word_1_229' title='bbox 1382 3995 1443 4079; x_wconf 86' lang='lat' dir='ltr'>iu·</span> 
     </span>
     <span class='ocr_line' id='line_1_29' title="bbox 107 4119 1442 4232; baseline 0.001 -24"><span class='ocrx_word' id='word_1_230' title='bbox 107 4144 225 4229; x_wconf 86' lang='lat' dir='ltr'>cent,</span> <span class='ocrx_word' id='word_1_231' title='bbox 241 4121 310 4231; x_wconf 90' lang='lat' dir='ltr'>pili</span> <span class='ocrx_word' id='word_1_232' title='bbox 321 4123 523 4230; x_wconf 83' lang='lat' dir='ltr'>longiores</span> <span class='ocrx_word' id='word_1_233' title='bbox 533 4121 667 4230; x_wconf 70' lang='lat' dir='ltr'>¹glaciei</span> <span class='ocrx_word' id='word_1_234' title='bbox 685 4119 942 4207; x_wconf 56' lang='lat' dir='ltr'>adsumunt</span> <span class='ocrx_word' id='word_1_235' title='bbox 961 4140 1012 4206; x_wconf 83' lang='lat' dir='ltr'>et</span> <span class='ocrx_word' id='word_1_236' title='bbox 1032 4123 1209 4208; x_wconf 52' lang='lat' dir='ltr'>auundo</span> <span class='ocrx_word' id='word_1_237' title='bbox 1225 4119 1442 4232; x_wconf 79' lang='lat' dir='ltr'>celinquun·</span> 
     </span>
     <span class='ocr_line' id='line_1_30' title="bbox 113 4247 1442 4360; baseline 0.002 -27"><span class='ocrx_word' id='word_1_238' title='bbox 113 4272 200 4357; x_wconf 88' lang='lat' dir='ltr'>tur,</span> <span class='ocrx_word' id='word_1_239' title='bbox 216 4249 316 4359; x_wconf 90' lang='lat' dir='ltr'>quod</span> <span class='ocrx_word' id='word_1_240' title='bbox 331 4250 431 4332; x_wconf 88' lang='lat' dir='ltr'>meis</span> <span class='ocrx_word' id='word_1_241' title='bbox 448 4248 567 4332; x_wconf 87' lang='lat' dir='ltr'>oculis</span> <span class='ocrx_word' id='word_1_242' title='bbox 580 4247 675 4332; x_wconf 81' lang='lat' dir='ltr'>uidi.</span> <span class='ocrx_word' id='word_1_243' title='bbox 698 4255 763 4348; x_wconf 71' lang='lat' dir='ltr'>a.)</span> <span class='ocrx_word' id='word_1_244' title='bbox 779 4249 990 4358; x_wconf 80' lang='lat' dir='ltr'>Nigrortm</span> <span class='ocrx_word' id='word_1_245' title='bbox 1010 4250 1188 4360; x_wconf 83' lang='lat' dir='ltr'>pilorum</span> <span class='ocrx_word' id='word_1_246' title='bbox 1203 4249 1262 4334; x_wconf 85' lang='lat' dir='ltr'>ab</span> <span class='ocrx_word' id='word_1_247' title='bbox 1285 4255 1442 4336; x_wconf 68' lang='lat' dir='ltr'>adre&#39;et</span> 
     </span>
     <span class='ocr_line' id='line_1_31' title="bbox 102 4370 1439 4491; baseline -0.001 -29"><span class='ocrx_word' id='word_1_248' title='bbox 102 4375 199 4464; x_wconf 75' lang='lat' dir='ltr'>solis</span> <span class='ocrx_word' id='word_1_249' title='bbox 212 4377 322 4462; x_wconf 86' lang='lat' dir='ltr'>radiis</span> <span class='ocrx_word' id='word_1_250' title='bbox 331 4370 593 4491; x_wconf 84' lang='lat' dir='ltr'>pallescereet</span> <span class='ocrx_word' id='word_1_251' title='bbox 609 4373 833 4466; x_wconf 82' lang='lat' dir='ltr'>debiliorem</span> <span class='ocrx_word' id='word_1_252' title='bbox 850 4374 955 4491; x_wconf 81' lang='lat' dir='ltr'>ueri,</span> <span class='ocrx_word' id='word_1_253' title='bbox 971 4377 1025 4467; x_wconf 89' lang='lat' dir='ltr'>ob</span> <span class='ocrx_word' id='word_1_254' title='bbox 1040 4379 1080 4472; x_wconf 89' lang='lat' dir='ltr'>id</span> <span class='ocrx_word' id='word_1_255' title='bbox 1097 4378 1260 4490; x_wconf 81' lang='lat' dir='ltr'>caudae,</span> <span class='ocrx_word' id='word_1_256' title='bbox 1286 4382 1439 4487; x_wconf 84' lang='lat' dir='ltr'>corpori</span> 
     </span>
    </p>

    <p class='ocr_par' dir='ltr' id='par_1_5' title="bbox 1296 4501 1440 4596">
     <span class='ocr_line' id='line_1_32' title="bbox 1296 4501 1440 4596; baseline -0.028 0"><span class='ocrx_word' id='word_1_257' title='bbox 1296 4501 1440 4596; x_wconf 76' lang='lat' dir='ltr'>tacenti</span> 
     </span>
    </p>
   </div>
   <div class='ocr_carea' id='block_1_5' title="bbox 0 0 2242 5894">
    <p class='ocr_par' dir='ltr' id='par_1_6' title="bbox 0 0 2242 5894">
     <span class='ocr_line' id='line_1_33' title="bbox 0 0 2242 5894; baseline 0 0"><span class='ocrx_word' id='word_1_258' title='bbox 0 0 2242 5894; x_wconf 95' lang='lat' dir='ltr'> </span> 
     </span>
    </p>
   </div>
  </div>
 </body>
</html>
