4475 5900
757 455 1030 634 (29l1'

175 725 265 790 rum
305 699 416 788 lunae
458 703 717 812 praecedentis
755 724 797 790 et
824 701 1037 814 sequentis,
1075 727 1147 786 nec
1186 723 1269 786 non
1299 695 1502 813 cuspidum

175 833 301 944 phafis
337 837 513 942 cuiusque
553 834 601 916 ad
633 833 742 917 filum
786 832 932 916 reticuli
963 828 1121 912 horarii.

293 960 340 1044 ln
372 961 407 1060 §.
443 983 485 1064 7.
526 975 549 1048 8
586 981 626 1042 et
660 989 702 1068 9,
734 958 946 1046 Schematis
986 959 1215 1044 constructio
1254 957 1509 1067 exhibetur,

177 1105 223 1172 et
253 1114 351 1200 quae
383 1111 439 1170 ex
469 1087 539 1171 illo
552 1187 555 1194 ,
570 1090 729 1196 deducta
763 1089 877 1199 sunt3
919 1085 997 1169 scil.
1036 1114 1109 1196 pro
1141 1092 1272 1200 quauis
1304 1089 1509 1172 obseruati-

179 1239 260 1301 one
297 1218 319 1319 §
364 1222 406 1295 6.
440 1215 612 1323 adducta,
641 1218 809 1301 distantia
847 1217 971 1296 centri
1000 1217 1162 1301 umbrae
1194 1245 1217 1300 a
1250 1219 1342 1302 loco
1372 1213 1506 1300 obscu-

175 1345 333 1430 rationis
393 1346 592 1427 maximae
677 1347 720 1428 in
781 1343 947 1454 portibus
1018 1346 1211 1454 temporis
1259 1372 1338 1454 ope
1386 1345 1505 1428 hora·

176 1473 226 1558 rii
258 1471 368 1558 lunae
401 1470 563 1579 afore,
607 1471 730 1582 phasis
762 1471 982 1581 pos1tione,
1014 1476 1203 1580 quantitas
1233 1472 1514 1557 obscurationis

178 1625 224 1687 ae
251 1621 408 1711 tempus
421 1597 690 1684 obscurationis
707 1601 917 1706 maximae,
935 1601 1073 1682 deinde
1089 1601 1255 1685 latitudo
1272 1607 1381 1685 lunae
1395 1620 1434 1683 et
1450 1602 1508 1684 di·
1623 1618 1629 1640 ⁸

178 1729 312 1815 stantia
328 1749 556 1812 centtorum
583 1730 780 1834 minima,
813 1729 919 1834 unde
951 1748 1138 1836 quantttas
1171 1729 1319 1837 eclipfis
1360 1728 1512 1838 prodit,

176 1858 211 1961 §.
260 1878 423 1940 autemst
449 1880 492 1956 9.
535 1877 785 1939 momentum
824 1854 1091 1936 obscurationis
1123 1858 1323 1938 maximae
1361 1853 1510 1963 duplici

179 1983 308 2070 modo
338 2006 412 2093 per
436 1980 513 2064 obs.
539 1982 638 2064 initii
669 2001 712 2064 et
743 1981 831 2065 finis
859 2001 901 2064 et
930 2003 1002 2089 per
1034 1981 1301 2090 immersiones
1315 1999 1357 2064 et
1380 2005 1510 2066 emer·
1654 2057 1657 2062 .

179 2111 300 2196 siones
339 2108 574 2192 macularum
609 2100 802 2195 Grimaldi
834 2129 874 2190 et
905 2105 1112 2212 Tychonis
1151 2107 1352 2193 definitum
1381 2129 1423 2194 et
1453 2132 1512 2195 ex

178 2235 444 2328 hismeniam
482 2236 672 2346 quandam
704 2237 934 2320 determinat
975 2235 1303 2322 obscurationem.

295 2366 330 2465 §.
368 2389 442 2448 10.
476 2364 654 2475 Tempus
683 2363 936 2476 oppositionis
968 2387 1108 2450 verum
1139 2383 1177 2447 et
1209 2368 1247 2468 §.
1282 2389 1352 2446 11.
1387 2389 1511 2477 quan·

37 2528 42 2536 ·
178 2495 329 2578 ritatem
372 2491 518 2604 eclipsrs
554 2517 608 2576 ex
650 2495 892 2578 immersione
934 2505 974 2574 et
1014 2491 1228 2596 emersione
1267 2495 1507 2578 macularum

50 2679 54 2692 ·
178 2623 220 2704 T
222 2621 389 2728 ychonis
418 2641 460 2704 et
491 2613 688 2704 Grimaldi
727 2645 931 2732 eammque
969 2623 1160 2731 positione
1191 2626 1231 2705 in
1265 2625 1366 2707 disco
1395 2623 1509 2706 lunae

179 2769 290 2835 erurt.
717 2819 719 2822 .

296 2878 334 2979 ς.
371 2902 446 2965 12.
488 2875 592 2962 Iouis
631 2895 673 2961 et
715 2906 757 2982 4.
800 2873 1016 2962 Satellitum
1058 2879 1140 2963 eius
1179 2878 1416 2991 positionem
1448 2901 1513 2963 re·

178 2994 315 3117 speetu
346 3006 469 3088 centri
501 3024 540 3085 et
569 3006 696 3085 diurni
727 3009 812 3086 veri
846 3008 955 3088 lunae
988 3032 1042 3088 ex
1075 3010 1229 3093 tmnsrtu
1260 3008 1419 3092 istomm
1438 3029 1516 3117 per

180 3132 250 3221 fila
287 3130 435 3214 reticuli
477 3131 775 3235 determinatum
816 3132 924 3229 et§t
976 3152 1029 3229 ιε
1066 3151 1108 3214 et
1143 3159 1213 3235 14.
1247 3136 1512 3241 comparatio·

180 3284 273 3347 nem
317 3258 587 3343 obseruationis
626 3257 708 3343 suae
751 3284 840 3341 cum
876 3259 1084 3342 Viennenfi
1124 3255 1242 3342 acl.
1279 3260 1514 3345 Marinonio

181 3408 224 3474 et
253 3414 299 3473 ea
331 3410 430 3499 quae
463 3387 502 3471 in
536 3386 687 3496 specula
716 3384 915 3496 Imperiali
947 3384 1234 3499 Petropolitana
1264 3385 1396 3473 habita
1426 3386 1513 3499 suit,

181 3518 354 3605 instituit.

180 3761 227 3845 Ν.
253 3758 426 3843 POPOW
448 3756 724 3841 Murfloovs
749 3756 1050 3939 Olgbffivllel
1073 3760 1287 3843 mlrsuss
1300 3761 1513 3844 Lvnrlun·

181 4050 435 4291 Exposuit
451 4121 463 4141 ·
482 4075 581 4162 clare
618 4077 753 4163 doetus
790 4072 846 4160 D.
892 4074 1108 4161 Adiunslus
1144 4079 1184 4162 in
1223 4076 1285 4163 sua
1300 4077 1511 4167 ‘methodo

127 4288 130 4297 ,
313 4204 467 4317 eclipses
506 4206 753 4291 luminarium
793 4206 1013 4289 obseruandi
1052 4232 1135 4288 non
1171 4206 1299 4291 solum
1338 4210 1511 4296 constru-

180 4330 360 4415 ctionem
397 4334 460 4419 sed
498 4353 541 4417 et
579 4334 687 4419 usum
725 4335 966 4417 micrometri
1005 4332 1055 4415 ab
1085 4335 1171 4445 ipso
1197 4337 1248 4421 ad
1263 4337 1511 4422 'obseruatio-

178 4482 251 4547 nes
279 4459 577 4553 Albonomiees
614 4464 829 4595 commode
858 4462 1095 4575 peragendas
1128 4468 1253 4576 magis
1281 4488 1510 4552 accommo

785 4590 877 4693 da
967 4654 969 4659 ,
1400 4595 1516 4707 dati,
