<?xml version="1.0" encoding="UTF-8"?>
<!DOCTYPE html PUBLIC "-//W3C//DTD XHTML 1.0 Transitional//EN"
    "http://www.w3.org/TR/xhtml1/DTD/xhtml1-transitional.dtd">
<html xmlns="http://www.w3.org/1999/xhtml" xml:lang="en" lang="en">
 <head>
  <title>
</title>
<meta http-equiv="Content-Type" content="text/html;charset=utf-8" />
  <meta name='ocr-system' content='tesseract 3.04.00' />
  <meta name='ocr-capabilities' content='ocr_page ocr_carea ocr_par ocr_line ocrx_word'/>
</head>
<body>
  <div class='ocr_page' id='page_1' title='image "./novicommentarii12sssrgoog/novicommentarii12sssrgoog_0313.png"; bbox 0 0 4475 5900; ppageno 0'>
   <div class='ocr_carea' id='block_1_1' title="bbox 141 465 1459 604">
    <p class='ocr_par' dir='ltr' id='par_1_1' title="bbox 141 465 1459 604">
     <span class='ocr_line' id='line_1_1' title="bbox 141 465 1459 604; baseline 0.014 -35"><span class='ocrx_word' id='word_1_1' title='bbox 141 466 760 570; x_wconf 68' lang='lat' dir='ltr'>mwnrrnrncrnnu</span> <span class='ocrx_word' id='word_1_2' title='bbox 775 465 1329 604; x_wconf 65' lang='lat' dir='ltr'>manturanum.</span> <span class='ocrx_word' id='word_1_3' title='bbox 1367 502 1459 586; x_wconf 69' lang='lat' dir='ltr'>ars</span> 
     </span>
    </p>
   </div>
   <div class='ocr_carea' id='block_1_2' title="bbox 86 695 1694 4823">
    <p class='ocr_par' dir='ltr' id='par_1_2' title="bbox 134 695 1663 1334">
     <span class='ocr_line' id='line_1_2' title="bbox 138 695 1457 822; baseline 0.008 -34"><span class='ocrx_word' id='word_1_4' title='bbox 138 703 208 788; x_wconf 88' lang='lat' dir='ltr'>hae</span> <span class='ocrx_word' id='word_1_5' title='bbox 240 702 470 790; x_wconf 77' lang='lat' dir='ltr'>tenuissimae</span> <span class='ocrx_word' id='word_1_6' title='bbox 501 733 554 793; x_wconf 91' lang='lat' dir='ltr'>ex</span> <span class='ocrx_word' id='word_1_7' title='bbox 582 695 659 794; x_wconf 91' lang='lat' dir='ltr'>late</span> <span class='ocrx_word' id='word_1_8' title='bbox 712 704 872 793; x_wconf 89' lang='lat' dir='ltr'>extenso</span> <span class='ocrx_word' id='word_1_9' title='bbox 909 709 1056 795; x_wconf 88' lang='lat' dir='ltr'>ambitu</span> <span class='ocrx_word' id='word_1_10' title='bbox 1088 709 1359 822; x_wconf 82' lang='lat' dir='ltr'>exsurgentes,</span> <span class='ocrx_word' id='word_1_11' title='bbox 1392 713 1457 799; x_wconf 68' lang='lat' dir='ltr'>ad=</span> 
     </span>
     <span class='ocr_line' id='line_1_3' title="bbox 136 833 1654 955; baseline 0.004 -39"><span class='ocrx_word' id='word_1_12' title='bbox 136 833 347 916; x_wconf 82' lang='lat' dir='ltr'>scendendo</span> <span class='ocrx_word' id='word_1_13' title='bbox 377 837 425 920; x_wconf 87' lang='lat' dir='ltr'>ad</span> <span class='ocrx_word' id='word_1_14' title='bbox 444 834 658 922; x_wconf 81' lang='lat' dir='ltr'>seinmcem</span> <span class='ocrx_word' id='word_1_15' title='bbox 676 838 905 923; x_wconf 80' lang='lat' dir='ltr'>accedebant</span> <span class='ocrx_word' id='word_1_16' title='bbox 924 905 936 946; x_wconf 92' lang='lat'>,</span> <span class='ocrx_word' id='word_1_17' title='bbox 952 840 1206 926; x_wconf 89' lang='lat' dir='ltr'>conniuebant</span> <span class='ocrx_word' id='word_1_18' title='bbox 1232 835 1295 953; x_wconf 84' lang='lat'>(5)</span> <span class='ocrx_word' id='word_1_19' title='bbox 1315 904 1326 946; x_wconf 93' lang='lat'>,</span> <span class='ocrx_word' id='word_1_20' title='bbox 1345 856 1510 950; x_wconf 77' lang='lat' dir='ltr'>atque&lt;5r</span> <span class='ocrx_word' id='word_1_21' title='bbox 1525 857 1654 955; x_wconf 68' lang='lat' dir='ltr'>ingane</span> 
     </span>
     <span class='ocr_line' id='line_1_4' title="bbox 135 961 1457 1078; baseline 0.009 -36"><span class='ocrx_word' id='word_1_22' title='bbox 135 961 272 1044; x_wconf 88' lang='lat' dir='ltr'>deinde</span> <span class='ocrx_word' id='word_1_23' title='bbox 301 962 453 1047; x_wconf 69' lang='lat' dir='ltr'>iunctae</span> <span class='ocrx_word' id='word_1_24' title='bbox 484 970 681 1077; x_wconf 81' lang='lat' dir='ltr'>utrimque</span> <span class='ocrx_word' id='word_1_25' title='bbox 721 967 989 1053; x_wconf 81' lang='lat' dir='ltr'>constituebant</span> <span class='ocrx_word' id='word_1_26' title='bbox 1018 970 1218 1054; x_wconf 92' lang='lat' dir='ltr'>tendinem</span> <span class='ocrx_word' id='word_1_27' title='bbox 1264 966 1457 1078; x_wconf 75' lang='lat' dir='ltr'>oblongo·</span> 
     </span>
     <span class='ocr_line' id='line_1_5' title="bbox 134 1089 1663 1213; baseline 0.01 -43"><span class='ocrx_word' id='word_1_28' title='bbox 134 1089 377 1198; x_wconf 88' lang='lat' dir='ltr'>rotundum,</span> <span class='ocrx_word' id='word_1_29' title='bbox 408 1093 615 1202; x_wconf 85' lang='lat' dir='ltr'>gracilem,</span> <span class='ocrx_word' id='word_1_30' title='bbox 647 1092 966 1205; x_wconf 83' lang='lat' dir='ltr'>elegantissimum</span> <span class='ocrx_word' id='word_1_31' title='bbox 1005 1091 1094 1213; x_wconf 88' lang='lat'>(6),</span> <span class='ocrx_word' id='word_1_32' title='bbox 1127 1098 1190 1208; x_wconf 91' lang='lat' dir='ltr'>qui</span> <span class='ocrx_word' id='word_1_33' title='bbox 1222 1095 1270 1178; x_wconf 87' lang='lat' dir='ltr'>ad</span> <span class='ocrx_word' id='word_1_34' title='bbox 1295 1093 1455 1182; x_wconf 89' lang='lat' dir='ltr'>altemm</span> <span class='ocrx_word' id='word_1_35' title='bbox 1468 1114 1663 1202; x_wconf 67' lang='lat' dir='ltr'>(quint-u</span> 
     </span>
     <span class='ocr_line' id='line_1_6' title="bbox 134 1216 1462 1334; baseline 0.011 -38"><span class='ocrx_word' id='word_1_36' title='bbox 134 1216 353 1303; x_wconf 87' lang='lat' dir='ltr'>inclinando</span> <span class='ocrx_word' id='word_1_37' title='bbox 392 1220 493 1304; x_wconf 90' lang='lat' dir='ltr'>inter</span> <span class='ocrx_word' id='word_1_38' title='bbox 540 1221 576 1306; x_wconf 89' lang='lat' dir='ltr'>se</span> <span class='ocrx_word' id='word_1_39' title='bbox 605 1224 881 1334; x_wconf 87' lang='lat' dir='ltr'>iungebantur,</span> <span class='ocrx_word' id='word_1_40' title='bbox 911 1224 972 1308; x_wconf 89' lang='lat' dir='ltr'>sed</span> <span class='ocrx_word' id='word_1_41' title='bbox 1002 1227 1085 1329; x_wconf 91' lang='lat' dir='ltr'>ita,</span> <span class='ocrx_word' id='word_1_42' title='bbox 1118 1244 1165 1308; x_wconf 82' lang='lat' dir='ltr'>ut</span> <span class='ocrx_word' id='word_1_43' title='bbox 1196 1225 1293 1309; x_wconf 88' lang='lat' dir='ltr'>linea</span> <span class='ocrx_word' id='word_1_44' title='bbox 1345 1226 1462 1310; x_wconf 91' lang='lat' dir='ltr'>inter-</span> 
     </span>
    </p>

    <p class='ocr_par' dir='ltr' id='par_1_3' title="bbox 133 1344 1461 1460">
     <span class='ocr_line' id='line_1_7' title="bbox 133 1344 1461 1460; baseline 0.007 -33"><span class='ocrx_word' id='word_1_45' title='bbox 133 1344 264 1428; x_wconf 85' lang='lat' dir='ltr'>media</span> <span class='ocrx_word' id='word_1_46' title='bbox 293 1345 572 1434; x_wconf 63' lang='lat' dir='ltr'>distiudionem</span> <span class='ocrx_word' id='word_1_47' title='bbox 605 1352 763 1436; x_wconf 86' lang='lat' dir='ltr'>coalitus</span> <span class='ocrx_word' id='word_1_48' title='bbox 792 1354 1006 1460; x_wconf 88' lang='lat' dir='ltr'>indicaret,</span> <span class='ocrx_word' id='word_1_49' title='bbox 1046 1352 1252 1436; x_wconf 75' lang='lat' dir='ltr'>mrmantes</span> <span class='ocrx_word' id='word_1_50' title='bbox 1301 1353 1461 1436; x_wconf 83' lang='lat' dir='ltr'>unicum</span> 
     </span>
    </p>

    <p class='ocr_par' dir='ltr' id='par_1_4' title="bbox 130 1475 1638 1842">
     <span class='ocr_line' id='line_1_8' title="bbox 133 1475 1637 1592; baseline -0.001 -37"><span class='ocrx_word' id='word_1_51' title='bbox 133 1494 266 1556; x_wconf 89' lang='lat' dir='ltr'>tamen</span> <span class='ocrx_word' id='word_1_52' title='bbox 284 1475 513 1586; x_wconf 86' lang='lat' dir='ltr'>principium</span> <span class='ocrx_word' id='word_1_53' title='bbox 548 1477 789 1561; x_wconf 85' lang='lat' dir='ltr'>tendinosum</span> <span class='ocrx_word' id='word_1_54' title='bbox 823 1476 914 1592; x_wconf 83' lang='lat'>(7),</span> <span class='ocrx_word' id='word_1_55' title='bbox 943 1480 1047 1590; x_wconf 91' lang='lat' dir='ltr'>quod</span> <span class='ocrx_word' id='word_1_56' title='bbox 1075 1479 1202 1564; x_wconf 87' lang='lat' dir='ltr'>abibat</span> <span class='ocrx_word' id='word_1_57' title='bbox 1232 1480 1274 1560; x_wconf 93' lang='lat' dir='ltr'>in</span> <span class='ocrx_word' id='word_1_58' title='bbox 1315 1477 1637 1572; x_wconf 59' lang='lat' dir='ltr'>multu-(rtiend-</span> 
     </span>
     <span class='ocr_line' id='line_1_9' title="bbox 130 1599 1638 1722; baseline 0.001 -38"><span class='ocrx_word' id='word_1_59' title='bbox 130 1601 216 1684; x_wconf 90' lang='lat' dir='ltr'>lum</span> <span class='ocrx_word' id='word_1_60' title='bbox 234 1620 396 1687; x_wconf 90' lang='lat' dir='ltr'>teretem</span> <span class='ocrx_word' id='word_1_61' title='bbox 415 1670 427 1712; x_wconf 91' lang='lat'>,</span> <span class='ocrx_word' id='word_1_62' title='bbox 443 1605 578 1692; x_wconf 78' lang='lat' dir='ltr'>sensam</span> <span class='ocrx_word' id='word_1_63' title='bbox 598 1605 834 1690; x_wconf 81' lang='lat' dir='ltr'>incrassatum</span> <span class='ocrx_word' id='word_1_64' title='bbox 852 1599 911 1722; x_wconf 77' lang='lat'>(8)</span> <span class='ocrx_word' id='word_1_65' title='bbox 932 1671 944 1712; x_wconf 89' lang='lat'>,</span> <span class='ocrx_word' id='word_1_66' title='bbox 969 1607 1058 1716; x_wconf 89' lang='lat' dir='ltr'>qui,</span> <span class='ocrx_word' id='word_1_67' title='bbox 1091 1604 1337 1691; x_wconf 87' lang='lat' dir='ltr'>finistrorsum</span> <span class='ocrx_word' id='word_1_68' title='bbox 1364 1607 1460 1690; x_wconf 91' lang='lat' dir='ltr'>obli·</span> <span class='ocrx_word' id='word_1_69' title='bbox 1473 1636 1638 1715; x_wconf 64' lang='lat' dir='ltr'>(murat</span> 
     </span>
     <span class='ocr_line' id='line_1_10' title="bbox 130 1727 1463 1842; baseline 0.006 -32"><span class='ocrx_word' id='word_1_70' title='bbox 130 1753 206 1842; x_wconf 78' lang='lat' dir='ltr'>que</span> <span class='ocrx_word' id='word_1_71' title='bbox 238 1727 397 1816; x_wconf 80' lang='lat' dir='ltr'>axillam</span> <span class='ocrx_word' id='word_1_72' title='bbox 427 1729 553 1818; x_wconf 78' lang='lat' dir='ltr'>uersas</span> <span class='ocrx_word' id='word_1_73' title='bbox 583 1731 870 1838; x_wconf 86' lang='lat' dir='ltr'>adscendendo,</span> <span class='ocrx_word' id='word_1_74' title='bbox 912 1731 1108 1842; x_wconf 85' lang='lat' dir='ltr'>superabat</span> <span class='ocrx_word' id='word_1_75' title='bbox 1146 1732 1223 1816; x_wconf 87' lang='lat' dir='ltr'>sere</span> <span class='ocrx_word' id='word_1_76' title='bbox 1261 1732 1463 1818; x_wconf 80' lang='lat' dir='ltr'>dimidiam</span> 
     </span>
    </p>

    <p class='ocr_par' dir='ltr' id='par_1_5' title="bbox 127 1845 1462 1974">
     <span class='ocr_line' id='line_1_11' title="bbox 127 1845 1462 1974; baseline 0.003 -34"><span class='ocrx_word' id='word_1_77' title='bbox 127 1874 285 1970; x_wconf 83' lang='lat' dir='ltr'>partem</span> <span class='ocrx_word' id='word_1_78' title='bbox 352 1860 561 1947; x_wconf 81' lang='lat' dir='ltr'>altitudinis</span> <span class='ocrx_word' id='word_1_79' title='bbox 627 1845 797 1948; x_wconf 83' lang='lat' dir='ltr'>musculi¹</span> <span class='ocrx_word' id='word_1_80' title='bbox 832 1858 1077 1974; x_wconf 71' lang='lat' dir='ltr'>¹postoralis,</span> <span class='ocrx_word' id='word_1_81' title='bbox 1117 1877 1228 1971; x_wconf 86' lang='lat' dir='ltr'>atque</span> <span class='ocrx_word' id='word_1_82' title='bbox 1278 1879 1462 1948; x_wconf 84' lang='lat' dir='ltr'>extremo</span> 
     </span>
    </p>

    <p class='ocr_par' dir='ltr' id='par_1_6' title="bbox 125 1986 1677 2610">
     <span class='ocr_line' id='line_1_12' title="bbox 128 1986 1638 2106; baseline -0.003 -36"><span class='ocrx_word' id='word_1_83' title='bbox 128 1987 197 2070; x_wconf 91' lang='lat' dir='ltr'>sno</span> <span class='ocrx_word' id='word_1_84' title='bbox 213 1987 354 2072; x_wconf 92' lang='lat' dir='ltr'>iterum</span> <span class='ocrx_word' id='word_1_85' title='bbox 373 2008 584 2076; x_wconf 87' lang='lat' dir='ltr'>extenuato</span> <span class='ocrx_word' id='word_1_86' title='bbox 593 1986 656 2106; x_wconf 84' lang='lat'>(9)</span> <span class='ocrx_word' id='word_1_87' title='bbox 665 1991 949 2102; x_wconf 82' lang='lat' dir='ltr'>expandebanrr</span> <span class='ocrx_word' id='word_1_88' title='bbox 964 1989 1006 2072; x_wconf 89' lang='lat' dir='ltr'>in</span> <span class='ocrx_word' id='word_1_89' title='bbox 1022 2010 1151 2074; x_wconf 83' lang='lat' dir='ltr'>tenues</span> <span class='ocrx_word' id='word_1_90' title='bbox 1169 1986 1323 2072; x_wconf 86' lang='lat' dir='ltr'>fibrillas</span> <span class='ocrx_word' id='word_1_91' title='bbox 1340 1989 1460 2074; x_wconf 89' lang='lat' dir='ltr'>tendi·</span> <span class='ocrx_word' id='word_1_92' title='bbox 1471 1998 1516 2076; x_wconf 90' lang='lat'>(9)</span> <span class='ocrx_word' id='word_1_93' title='bbox 1527 1994 1597 2058; x_wconf 75' lang='lat' dir='ltr'>ibid.</span> <span class='ocrx_word' id='word_1_94' title='bbox 1608 2011 1638 2054; x_wconf 71' lang='lat' dir='ltr'>a</span> 
     </span>
     <span class='ocr_line' id='line_1_13' title="bbox 127 2106 1665 2232; baseline 0.005 -32"><span class='ocrx_word' id='word_1_95' title='bbox 127 2106 364 2231; x_wconf 87' lang='lat' dir='ltr'>nosas(10),</span> <span class='ocrx_word' id='word_1_96' title='bbox 381 2143 475 2229; x_wconf 86' lang='lat' dir='ltr'>quae</span> <span class='ocrx_word' id='word_1_97' title='bbox 492 2115 667 2232; x_wconf 72' lang='lat' dir='ltr'>dispdbe</span> <span class='ocrx_word' id='word_1_98' title='bbox 683 2145 755 2232; x_wconf 90' lang='lat' dir='ltr'>per</span> <span class='ocrx_word' id='word_1_99' title='bbox 773 2119 1043 2204; x_wconf 74' lang='lat' dir='ltr'>membranam</span> <span class='ocrx_word' id='word_1_100' title='bbox 1061 2116 1297 2229; x_wconf 73' lang='lat' dir='ltr'>pestoralem</span> <span class='ocrx_word' id='word_1_101' title='bbox 1315 2115 1665 2219; x_wconf 68' lang='lat' dir='ltr'>musca-(rorantibu-</span> 
     </span>
     <span class='ocr_line' id='line_1_14' title="bbox 127 2239 1677 2360; baseline -0.001 -30"><span class='ocrx_word' id='word_1_102' title='bbox 127 2242 215 2330; x_wconf 92' lang='lat' dir='ltr'>lum</span> <span class='ocrx_word' id='word_1_103' title='bbox 245 2244 539 2356; x_wconf 83' lang='lat' dir='ltr'>inuesiientem,</span> <span class='ocrx_word' id='word_1_104' title='bbox 579 2247 631 2331; x_wconf 90' lang='lat' dir='ltr'>illi</span> <span class='ocrx_word' id='word_1_105' title='bbox 649 2270 695 2330; x_wconf 85' lang='lat' dir='ltr'>ea</span> <span class='ocrx_word' id='word_1_106' title='bbox 726 2247 840 2358; x_wconf 83' lang='lat' dir='ltr'>plaga</span> <span class='ocrx_word' id='word_1_107' title='bbox 862 2244 1111 2332; x_wconf 86' lang='lat' dir='ltr'>inserebantur</span> <span class='ocrx_word' id='word_1_108' title='bbox 1138 2239 1178 2358; x_wconf 88' lang='lat'>(1</span> <span class='ocrx_word' id='word_1_109' title='bbox 1191 2251 1248 2347; x_wconf 88' lang='lat'>1).</span> <span class='ocrx_word' id='word_1_110' title='bbox 1283 2243 1376 2360; x_wconf 86' lang='lat' dir='ltr'>Quo</span> <span class='ocrx_word' id='word_1_111' title='bbox 1398 2271 1505 2350; x_wconf 68' lang='lat' dir='ltr'>aus-(1</span> <span class='ocrx_word' id='word_1_112' title='bbox 1513 2282 1541 2352; x_wconf 61' lang='grc' dir='ltr'>ι)</span> <span class='ocrx_word' id='word_1_113' title='bbox 1553 2271 1626 2340; x_wconf 80' lang='lat' dir='ltr'>nra</span> <span class='ocrx_word' id='word_1_114' title='bbox 1641 2284 1677 2328; x_wconf 70' lang='lat' dir='ltr'>a·</span> 
     </span>
     <span class='ocr_line' id='line_1_15' title="bbox 125 2369 1488 2483; baseline 0.002 -27"><span class='ocrx_word' id='word_1_115' title='bbox 125 2392 215 2456; x_wconf 90' lang='lat' dir='ltr'>tem</span> <span class='ocrx_word' id='word_1_116' title='bbox 235 2373 326 2458; x_wconf 91' lang='lat' dir='ltr'>loco</span> <span class='ocrx_word' id='word_1_117' title='bbox 341 2374 502 2461; x_wconf 86' lang='lat' dir='ltr'>inferiori</span> <span class='ocrx_word' id='word_1_118' title='bbox 518 2375 689 2458; x_wconf 85' lang='lat' dir='ltr'>tendines</span> <span class='ocrx_word' id='word_1_119' title='bbox 717 2375 875 2482; x_wconf 85' lang='lat' dir='ltr'>graciles</span> <span class='ocrx_word' id='word_1_120' title='bbox 904 2373 1046 2457; x_wconf 89' lang='lat' dir='ltr'>limites</span> <span class='ocrx_word' id='word_1_121' title='bbox 1076 2369 1488 2483; x_wconf 61' lang='lat' dir='ltr'>expansionis-descri-e</span> 
     </span>
     <span class='ocr_line' id='line_1_16' title="bbox 126 2499 1464 2610; baseline 0.001 -24"><span class='ocrx_word' id='word_1_122' title='bbox 126 2501 291 2610; x_wconf 88' lang='lat' dir='ltr'>bentes,</span> <span class='ocrx_word' id='word_1_123' title='bbox 323 2527 378 2586; x_wconf 88' lang='lat' dir='ltr'>ex</span> <span class='ocrx_word' id='word_1_124' title='bbox 393 2503 520 2588; x_wconf 83' lang='lat' dir='ltr'>latiori</span> <span class='ocrx_word' id='word_1_125' title='bbox 536 2501 611 2587; x_wconf 84' lang='lat' dir='ltr'>bnfi</span> <span class='ocrx_word' id='word_1_126' title='bbox 627 2501 677 2585; x_wconf 90' lang='lat' dir='ltr'>ad</span> <span class='ocrx_word' id='word_1_127' title='bbox 714 2499 751 2584; x_wconf 86' lang='lat' dir='ltr'>se</span> <span class='ocrx_word' id='word_1_128' title='bbox 780 2501 952 2584; x_wconf 91' lang='lat' dir='ltr'>inuicem</span> <span class='ocrx_word' id='word_1_129' title='bbox 984 2501 1207 2606; x_wconf 82' lang='lat' dir='ltr'>accedentes</span> <span class='ocrx_word' id='word_1_130' title='bbox 1230 2501 1464 2609; x_wconf 87' lang='lat' dir='ltr'>triangulum</span> 
     </span>
    </p>

    <p class='ocr_par' dir='ltr' id='par_1_7' title="bbox 86 2626 1465 2741">
     <span class='ocr_line' id='line_1_17' title="bbox 86 2626 1465 2741; baseline -0.005 -22"><span class='ocrx_word' id='word_1_131' title='bbox 86 2711 90 2719; x_wconf 88' lang='lat'>.</span> <span class='ocrx_word' id='word_1_132' title='bbox 125 2626 421 2737; x_wconf 87' lang='lat' dir='ltr'>describebant,</span> <span class='ocrx_word' id='word_1_133' title='bbox 453 2631 624 2741; x_wconf 88' lang='lat' dir='ltr'>adeoque</span> <span class='ocrx_word' id='word_1_134' title='bbox 660 2627 826 2740; x_wconf 87' lang='lat' dir='ltr'>spatium</span> <span class='ocrx_word' id='word_1_135' title='bbox 855 2630 1124 2714; x_wconf 89' lang='lat' dir='ltr'>intermedium</span> <span class='ocrx_word' id='word_1_136' title='bbox 1175 2627 1465 2738; x_wconf 81' lang='lat' dir='ltr'>relinquebant,</span> 
     </span>
    </p>

    <p class='ocr_par' dir='ltr' id='par_1_8' title="bbox 120 2755 1694 3157">
     <span class='ocr_line' id='line_1_18' title="bbox 123 2755 1466 2869; baseline 0.002 -29"><span class='ocrx_word' id='word_1_137' title='bbox 123 2756 279 2842; x_wconf 86' lang='lat' dir='ltr'>ibidem</span> <span class='ocrx_word' id='word_1_138' title='bbox 309 2757 465 2843; x_wconf 87' lang='lat' dir='ltr'>fibrilae</span> <span class='ocrx_word' id='word_1_139' title='bbox 495 2757 728 2844; x_wconf 83' lang='lat' dir='ltr'>tentdllimae</span> <span class='ocrx_word' id='word_1_140' title='bbox 761 2782 816 2842; x_wconf 90' lang='lat' dir='ltr'>ex</span> <span class='ocrx_word' id='word_1_141' title='bbox 855 2757 998 2868; x_wconf 88' lang='lat' dir='ltr'>obliqui</span> <span class='ocrx_word' id='word_1_142' title='bbox 1037 2759 1192 2843; x_wconf 78' lang='lat' dir='ltr'>externi</span> <span class='ocrx_word' id='word_1_143' title='bbox 1241 2755 1466 2869; x_wconf 87' lang='lat' dir='ltr'>aponeurofi</span> 
     </span>
     <span class='ocr_line' id='line_1_19' title="bbox 121 2884 1463 2997; baseline 0.001 -28"><span class='ocrx_word' id='word_1_144' title='bbox 121 2905 400 2995; x_wconf 84' lang='lat' dir='ltr'>emergentes,</span> <span class='ocrx_word' id='word_1_145' title='bbox 433 2886 635 2972; x_wconf 92' lang='lat' dir='ltr'>reticulum</span> <span class='ocrx_word' id='word_1_146' title='bbox 666 2884 889 2973; x_wconf 83' lang='lat' dir='ltr'>formabant</span> <span class='ocrx_word' id='word_1_147' title='bbox 918 2885 1154 2972; x_wconf 87' lang='lat' dir='ltr'>tendinosum</span> <span class='ocrx_word' id='word_1_148' title='bbox 1184 2884 1463 2997; x_wconf 88' lang='lat' dir='ltr'>tenniffimum,</span> 
     </span>
     <span class='ocr_line' id='line_1_20' title="bbox 120 3004 1694 3157; baseline -0.006 -59"><span class='ocrx_word' id='word_1_149' title='bbox 120 3012 486 3128; x_wconf 87' lang='lat' dir='ltr'>pellucidiffimnm,</span> <span class='ocrx_word' id='word_1_150' title='bbox 520 3013 838 3125; x_wconf 69' lang='lat' dir='ltr'>elegantissimum</span> <span class='ocrx_word' id='word_1_151' title='bbox 872 3012 988 3135; x_wconf 79' lang='lat' dir='ltr'>(ra),</span> <span class='ocrx_word' id='word_1_152' title='bbox 1022 3014 1198 3124; x_wconf 86' lang='lat' dir='ltr'>parallele</span> <span class='ocrx_word' id='word_1_153' title='bbox 1228 3014 1398 3098; x_wconf 71' lang='lat' dir='ltr'>inustae.</span> <span class='ocrx_word' id='word_1_154' title='bbox 1471 3019 1621 3157; x_wconf 53' lang='grc' dir='ltr'>01)δῶῐὲ</span> <span class='ocrx_word' id='word_1_155' title='bbox 1637 3004 1694 3089; x_wconf 58' lang='grc' dir='ltr'>β’</span> 
     </span>
    </p>

    <p class='ocr_par' dir='ltr' id='par_1_9' title="bbox 118 3108 1579 4027">
     <span class='ocr_line' id='line_1_21' title="bbox 254 3108 1579 3252; baseline 0.001 -23"><span class='ocrx_word' id='word_1_156' title='bbox 254 3142 321 3229; x_wconf 90' lang='lat' dir='ltr'>De</span> <span class='ocrx_word' id='word_1_157' title='bbox 337 3144 490 3229; x_wconf 70' lang='lat' dir='ltr'>actione</span> <span class='ocrx_word' id='word_1_158' title='bbox 506 3142 613 3229; x_wconf 74' lang='lat' dir='ltr'>baritis</span> <span class='ocrx_word' id='word_1_159' title='bbox 629 3140 788 3226; x_wconf 87' lang='lat' dir='ltr'>musculi</span> <span class='ocrx_word' id='word_1_160' title='bbox 809 3145 885 3225; x_wconf 80' lang='lat' dir='ltr'>vix</span> <span class='ocrx_word' id='word_1_161' title='bbox 901 3143 1025 3252; x_wconf 86' lang='lat' dir='ltr'>aliqud</span> <span class='ocrx_word' id='word_1_162' title='bbox 1046 3144 1248 3251; x_wconf 86' lang='lat' dir='ltr'>apparuit,</span> <span class='ocrx_word' id='word_1_163' title='bbox 1273 3142 1344 3227; x_wconf 84' lang='lat' dir='ltr'>nifi</span> <span class='ocrx_word' id='word_1_164' title='bbox 1360 3142 1465 3251; x_wconf 84' lang='lat' dir='ltr'>quod</span> <span class='ocrx_word' id='word_1_165' title='bbox 1504 3108 1542 3171; x_wconf 31' lang='grc' dir='ltr'>ᾧ</span> <span class='ocrx_word' id='word_1_166' title='bbox 1566 3126 1579 3147; x_wconf 70' lang='grc'><strong><em>’</em></strong></span> 
     </span>
     <span class='ocr_line' id='line_1_22' title="bbox 120 3269 1462 3360; baseline -0.002 -3"><span class='ocrx_word' id='word_1_167' title='bbox 120 3280 301 3360; x_wconf 86' lang='lat' dir='ltr'>extensus</span> <span class='ocrx_word' id='word_1_168' title='bbox 318 3272 439 3357; x_wconf 76' lang='lat' dir='ltr'>uersas</span> <span class='ocrx_word' id='word_1_169' title='bbox 453 3271 622 3356; x_wconf 81' lang='lat' dir='ltr'>inferiora</span> <span class='ocrx_word' id='word_1_170' title='bbox 639 3271 772 3354; x_wconf 87' lang='lat' dir='ltr'>leniter</span> <span class='ocrx_word' id='word_1_171' title='bbox 789 3270 962 3353; x_wconf 83' lang='lat' dir='ltr'>tendebat</span> <span class='ocrx_word' id='word_1_172' title='bbox 978 3269 1084 3351; x_wconf 87' lang='lat' dir='ltr'>istam</span> <span class='ocrx_word' id='word_1_173' title='bbox 1104 3270 1351 3353; x_wconf 83' lang='lat' dir='ltr'>membranae</span> <span class='ocrx_word' id='word_1_174' title='bbox 1361 3295 1462 3354; x_wconf 78' lang='lat' dir='ltr'>mus</span> 
     </span>
     <span class='ocr_line' id='line_1_23' title="bbox 120 3395 1469 3513; baseline -0.001 -28"><span class='ocrx_word' id='word_1_175' title='bbox 120 3404 259 3489; x_wconf 92' lang='lat' dir='ltr'>culum</span> <span class='ocrx_word' id='word_1_176' title='bbox 277 3402 511 3513; x_wconf 73' lang='lat' dir='ltr'>pastoralem</span> <span class='ocrx_word' id='word_1_177' title='bbox 529 3399 753 3484; x_wconf 84' lang='lat' dir='ltr'>inuestientis</span> <span class='ocrx_word' id='word_1_178' title='bbox 772 3398 947 3506; x_wconf 88' lang='lat' dir='ltr'>plagam,</span> <span class='ocrx_word' id='word_1_179' title='bbox 967 3399 1029 3481; x_wconf 85' lang='lat' dir='ltr'>cui</span> <span class='ocrx_word' id='word_1_180' title='bbox 1045 3395 1278 3479; x_wconf 85' lang='lat' dir='ltr'>inserebatur.</span> <span class='ocrx_word' id='word_1_181' title='bbox 1300 3398 1469 3484; x_wconf 76' lang='lat' dir='ltr'>Tuane</span> 
     </span>
     <span class='ocr_line' id='line_1_24' title="bbox 120 3524 1461 3633; baseline -0.001 -18"><span class='ocrx_word' id='word_1_182' title='bbox 120 3555 231 3617; x_wconf 78' lang='lat' dir='ltr'>uero</span> <span class='ocrx_word' id='word_1_183' title='bbox 291 3528 415 3615; x_wconf 78' lang='lat' dir='ltr'>verfirs</span> <span class='ocrx_word' id='word_1_184' title='bbox 468 3528 671 3633; x_wconf 86' lang='lat' dir='ltr'>axillam,</span> <span class='ocrx_word' id='word_1_185' title='bbox 733 3527 962 3609; x_wconf 86' lang='lat' dir='ltr'>extendebat</span> <span class='ocrx_word' id='word_1_186' title='bbox 1014 3544 1170 3633; x_wconf 87' lang='lat' dir='ltr'>tegmen</span> <span class='ocrx_word' id='word_1_187' title='bbox 1223 3524 1461 3613; x_wconf 89' lang='lat' dir='ltr'>rendinosum</span> 
     </span>
     <span class='ocr_line' id='line_1_25' title="bbox 119 3651 1464 3772; baseline -0.003 -31"><span class='ocrx_word' id='word_1_188' title='bbox 119 3662 358 3772; x_wconf 89' lang='lat' dir='ltr'>proprium,</span> <span class='ocrx_word' id='word_1_189' title='bbox 381 3681 489 3771; x_wconf 90' lang='lat' dir='ltr'>atque</span> <span class='ocrx_word' id='word_1_190' title='bbox 508 3658 645 3740; x_wconf 89' lang='lat' dir='ltr'>leniter</span> <span class='ocrx_word' id='word_1_191' title='bbox 663 3657 857 3737; x_wconf 68' lang='lat' dir='ltr'>exteram</span> <span class='ocrx_word' id='word_1_192' title='bbox 875 3653 1057 3736; x_wconf 88' lang='lat' dir='ltr'>mouebat</span> <span class='ocrx_word' id='word_1_193' title='bbox 1090 3651 1318 3761; x_wconf 90' lang='lat' dir='ltr'>portionem</span> <span class='ocrx_word' id='word_1_194' title='bbox 1352 3656 1464 3739; x_wconf 82' lang='lat' dir='ltr'>islam</span> 
     </span>
     <span class='ocr_line' id='line_1_26' title="bbox 121 3778 1462 3899; baseline -0.004 -28"><span class='ocrx_word' id='word_1_195' title='bbox 121 3786 404 3899; x_wconf 81' lang='lat' dir='ltr'>aponeuroseos</span> <span class='ocrx_word' id='word_1_196' title='bbox 421 3786 577 3873; x_wconf 86' lang='lat' dir='ltr'>musculi</span> <span class='ocrx_word' id='word_1_197' title='bbox 610 3782 757 3893; x_wconf 89' lang='lat' dir='ltr'>obliqui</span> <span class='ocrx_word' id='word_1_198' title='bbox 782 3782 969 3888; x_wconf 88' lang='lat' dir='ltr'>externi,</span> <span class='ocrx_word' id='word_1_199' title='bbox 1001 3804 1026 3864; x_wconf 86' lang='lat' dir='ltr'>a</span> <span class='ocrx_word' id='word_1_200' title='bbox 1055 3804 1129 3890; x_wconf 88' lang='lat' dir='ltr'>qua</span> <span class='ocrx_word' id='word_1_201' title='bbox 1160 3778 1303 3867; x_wconf 80' lang='lat' dir='ltr'>fibrillis</span> <span class='ocrx_word' id='word_1_202' title='bbox 1331 3782 1462 3865; x_wconf 86' lang='lat' dir='ltr'>distin·</span> 
     </span>
     <span class='ocr_line' id='line_1_27' title="bbox 118 3915 730 4027; baseline -0.008 -24"><span class='ocrx_word' id='word_1_203' title='bbox 118 3918 203 4003; x_wconf 68' lang='lat' dir='ltr'>stis</span> <span class='ocrx_word' id='word_1_204' title='bbox 237 3936 366 4003; x_wconf 83' lang='lat' dir='ltr'>ornam</span> <span class='ocrx_word' id='word_1_205' title='bbox 397 3915 587 4027; x_wconf 72' lang='lat' dir='ltr'>capiebat·</span> <span class='ocrx_word' id='word_1_206' title='bbox 725 3970 730 3977; x_wconf 87' lang='lat'><strong>·</strong></span> 
     </span>
    </p>

    <p class='ocr_par' dir='ltr' id='par_1_10' title="bbox 115 4034 1518 4552">
     <span class='ocr_line' id='line_1_28' title="bbox 248 4034 1518 4161; baseline -0.007 -29"><span class='ocrx_word' id='word_1_207' title='bbox 248 4045 472 4133; x_wconf 86' lang='lat' dir='ltr'>Obseruauit</span> <span class='ocrx_word' id='word_1_208' title='bbox 495 4038 625 4128; x_wconf 57' lang='lat' dir='ltr'>&#39;etiam</span> <span class='ocrx_word' id='word_1_209' title='bbox 658 4038 936 4128; x_wconf 88' lang='lat' dir='ltr'>Celeberrimus</span> <span class='ocrx_word' id='word_1_210' title='bbox 965 4039 1138 4127; x_wconf 88' lang='lat' dir='ltr'>Wildins</span> <span class='ocrx_word' id='word_1_211' title='bbox 1171 4034 1377 4161; x_wconf 85' lang='lat' dir='ltr'>muscultun</span> <span class='ocrx_word' id='word_1_212' title='bbox 1402 4039 1465 4124; x_wconf 89' lang='lat' dir='ltr'>in·</span> <span class='ocrx_word' id='word_1_213' title='bbox 1516 4134 1518 4139; x_wconf 41' lang='grc'>,</span> 
     </span>
     <span class='ocr_line' id='line_1_29' title="bbox 117 4164 1462 4282; baseline -0.005 -24"><span class='ocrx_word' id='word_1_214' title='bbox 117 4172 286 4270; x_wconf 82' lang='lat' dir='ltr'>solitum</span> <span class='ocrx_word' id='word_1_215' title='bbox 317 4178 363 4262; x_wconf 90' lang='lat' dir='ltr'>ad</span> <span class='ocrx_word' id='word_1_216' title='bbox 395 4176 512 4259; x_wconf 87' lang='lat' dir='ltr'>latera</span> <span class='ocrx_word' id='word_1_217' title='bbox 544 4173 653 4256; x_wconf 69' lang='lat' dir='ltr'>aaran</span> <span class='ocrx_word' id='word_1_218' title='bbox 685 4172 792 4281; x_wconf 75' lang='lat' dir='ltr'>bpra</span> <span class='ocrx_word' id='word_1_219' title='bbox 824 4174 952 4282; x_wconf 71' lang='lat' dir='ltr'>pectus</span> <span class='ocrx_word' id='word_1_220' title='bbox 968 4170 1180 4280; x_wconf 84' lang='lat' dir='ltr'>expansum</span> <span class='ocrx_word' id='word_1_221' title='bbox 1199 4164 1266 4282; x_wconf 86' lang='lat' dir='ltr'>(a)</span> <span class='ocrx_word' id='word_1_222' title='bbox 1284 4168 1377 4280; x_wconf 86' lang='lat' dir='ltr'>,qui</span> <span class='ocrx_word' id='word_1_223' title='bbox 1408 4194 1462 4252; x_wconf 90' lang='lat' dir='ltr'>an</span> 
     </span>
     <span class='ocr_line' id='line_1_30' title="bbox 118 4294 1465 4414; baseline -0.007 -25"><span class='ocrx_word' id='word_1_224' title='bbox 118 4300 324 4414; x_wconf 90' lang='lat' dir='ltr'>descripto</span> <span class='ocrx_word' id='word_1_225' title='bbox 363 4305 490 4389; x_wconf 85' lang='lat' dir='ltr'>nostro</span> <span class='ocrx_word' id='word_1_226' title='bbox 538 4298 669 4385; x_wconf 88' lang='lat' dir='ltr'>fimilis</span> <span class='ocrx_word' id='word_1_227' title='bbox 698 4302 797 4408; x_wconf 83' lang='lat' dir='ltr'>sirit,</span> <span class='ocrx_word' id='word_1_228' title='bbox 847 4323 929 4381; x_wconf 88' lang='lat' dir='ltr'>non</span> <span class='ocrx_word' id='word_1_229' title='bbox 959 4294 1043 4381; x_wconf 68' lang='lat' dir='ltr'>fitis</span> <span class='ocrx_word' id='word_1_230' title='bbox 1073 4318 1264 4409; x_wconf 67' lang='lat' dir='ltr'>apparet,</span> <span class='ocrx_word' id='word_1_231' title='bbox 1314 4296 1465 4381; x_wconf 89' lang='lat' dir='ltr'>dubitat</span> 
     </span>
     <span class='ocr_line' id='line_1_31' title="bbox 115 4426 1457 4552; baseline -0.013 -31"><span class='ocrx_word' id='word_1_232' title='bbox 115 4432 375 4545; x_wconf 86' lang='lat' dir='ltr'>interim,an</span> <span class='ocrx_word' id='word_1_233' title='bbox 391 4454 472 4519; x_wconf 90' lang='lat' dir='ltr'>non</span> <span class='ocrx_word' id='word_1_234' title='bbox 488 4428 879 4539; x_wconf 79' lang='lat' dir='ltr'>Platysma-myoidis</span> <span class='ocrx_word' id='word_1_235' title='bbox 893 4426 1134 4552; x_wconf 74' lang='lat' dir='ltr'>propagolb]</span> <span class='ocrx_word' id='word_1_236' title='bbox 1147 4493 1164 4537; x_wconf 94' lang='lat'>,.</span> <span class='ocrx_word' id='word_1_237' title='bbox 1177 4448 1363 4538; x_wconf 91' lang='lat' dir='ltr'>quocum</span> <span class='ocrx_word' id='word_1_238' title='bbox 1388 4449 1457 4505; x_wconf 78' lang='lat' dir='ltr'>no</span> 
     </span>
    </p>

    <p class='ocr_par' dir='ltr' id='par_1_11' title="bbox 156 4550 1660 4823">
     <span class='ocr_line' id='line_1_32' title="bbox 1400 4550 1465 4632; baseline -0.138 1"><span class='ocrx_word' id='word_1_239' title='bbox 1400 4550 1465 4632; x_wconf 82' lang='lat' dir='ltr'>bin</span> 
     </span>
     <span class='ocr_line' id='line_1_33' title="bbox 156 4702 1660 4823; baseline -0.005 -29"><span class='ocrx_word' id='word_1_240' title='bbox 156 4806 163 4817; x_wconf 20' lang='grc' dir='ltr'>δ</span> <span class='ocrx_word' id='word_1_241' title='bbox 221 4714 643 4823; x_wconf 39' lang='grc' dir='ltr'>(αὶῦοωωιαι-Ροσοροι</span> <span class='ocrx_word' id='word_1_242' title='bbox 658 4713 759 4797; x_wconf 81' lang='lat' dir='ltr'>Tem</span> <span class='ocrx_word' id='word_1_243' title='bbox 776 4710 855 4791; x_wconf 78' lang='grc' dir='ltr'>ΧΗ.</span> <span class='ocrx_word' id='word_1_244' title='bbox 869 4711 961 4791; x_wconf 73' lang='lat' dir='ltr'>Tab.</span> <span class='ocrx_word' id='word_1_245' title='bbox 983 4706 1077 4786; x_wconf 81' lang='lat' dir='ltr'>vul.</span> <span class='ocrx_word' id='word_1_246' title='bbox 1096 4706 1159 4813; x_wconf 75' lang='lat' dir='ltr'>(b)</span> <span class='ocrx_word' id='word_1_247' title='bbox 1183 4702 1265 4781; x_wconf 66' lang='grc' dir='ltr'>1Ηᾶ·</span> <span class='ocrx_word' id='word_1_248' title='bbox 1281 4724 1352 4806; x_wconf 74' lang='lat' dir='ltr'>pag.</span> <span class='ocrx_word' id='word_1_249' title='bbox 1369 4716 1467 4790; x_wconf 62' lang='lat'>220*</span> <span class='ocrx_word' id='word_1_250' title='bbox 1601 4734 1660 4788; x_wconf 63' lang='lat' dir='ltr'>aen</span> 
     </span>
    </p>
   </div>
   <div class='ocr_carea' id='block_1_3' title="bbox 0 0 2242 5900">
    <p class='ocr_par' dir='ltr' id='par_1_12' title="bbox 0 0 2242 5900">
     <span class='ocr_line' id='line_1_34' title="bbox 0 0 2242 5900; baseline 0 5"><span class='ocrx_word' id='word_1_251' title='bbox 0 0 2242 5900; x_wconf 95' lang='lat' dir='ltr'> </span> 
     </span>
    </p>
   </div>
  </div>
 </body>
</html>
