4475 5900
500 512 583 601 DE
610 507 821 604 BESTIIS
848 435 1131 608 MARINISs
1371 541 1475 626 323·

155 734 332 848 depasti,
362 760 452 824 cum
482 737 578 824 mete
606 767 631 826 n
659 739 814 852 plebeiis
841 740 1051 826 addiderint
1079 737 1312 850 graminibus
1341 742 1476 853 veseis

153 889 290 952 verum
321 889 402 948 non
432 865 474 949 in
506 886 602 956 terra
630 868 904 978 crescentibm,
931 851 992 952 sed
1027 867 1118 952 fineis
1149 869 1317 953 marinis

269 997 314 1077 6.
348 990 437 1078 Nec
467 996 634 1105 speciem
664 997 747 1080 veri
777 995 890 1080 habet
907 995 1051 1106 ‚qood
1080 997 1228 1082 tradant
1257 995 1362 1107 supet
1378 994 1466 1082 san

156 1119 308 1229 iacere,
337 1122 379 1204 in
410 1108 674 1208 continentem
705 1123 844 1234 exire,
860 1141 907 1206 vt
920 1142 1068 1206 taceam
1087 1119 1310 1234 disparatam
1337 1125 1466 1209 omni-

155 1245 349 1332 n0=hoius
375 1249 776 1335 administraturam
808 1249 879 1334 ene
909 1250 1127 1335 admotum
1158 1251 1200 1333 in
1231 1251 1466 1336 ficcozcon-

158 1373 247 1481 tigit
293 1375 448 1484 quidem
486 1400 562 1459 vna
593 1378 709 1484 vice,
740 1391 786 1483 vt
814 1374 951 1460 somno
980 1376 1104 1485 sopito
1141 1377 1296 1463 animali
1343 1397 1468 1461 retro·

159 1499 295 1586 cedens
324 1514 437 1584 mare
464 1503 582 1586 indas
610 1500 841 1587 subuenisset
871 1527 915 1586 ac
945 1502 1089 1586 animal
1131 1504 1173 1587 in
1202 1505 1301 1588 ficco
1348 1504 1465 1588 relin-

158 1644 315 1735 queret,
344 1624 406 1710 sed
434 1645 477 1741 et
504 1631 648 1714 inerme
674 1648 715 1713 et
746 1627 833 1738 firga
865 1629 932 1714 fibi
963 1627 1154 1714 considere
1171 1629 1366 1740 impotens
1387 1633 1475 1716 mi·-

157 1752 312 1836 serrime
342 1772 545 1865 pmpterea
573 1755 721 1840 firsiibrrs
750 1763 807 1837 etv
823 1756 1004 1839 securibus
1031 1757 1249 1865 oppressum
1288 1755 1373 1840 suit.

273 1878 530 1967 Manfirescere
560 1880 636 1966 hoc
666 1880 806 1966 animal
835 1881 1042 1967 cedffiidra
1072 1882 1191 1989 esset,
1223 1907 1339 1994 quam
1373 1904 1469 1994 quae

158 2010 210 2092 de
241 2010 339 2094 mira
370 2010 451 2094 eius
495 2007 688 2118 sagacitate
727 2005 943 2109 historiolae
979 2009 1320 2116 commemorer,
1376 2033 1468 2094 cum

157 2151 317 2244 propter
345 2135 510 2220 nimiam
539 2136 791 2246 stupiditatem
831 2152 872 2218 et
909 2137 1068 2220 vorandi
1115 2137 1359 2241 auiditatem,
1407 2133 1472 2220 vel

159 2285 238 2346 oon
266 2259 558 2348 marmanum
591 2261 823 2349 mansuetum
854 2259 913 2346 sit.
960 2258 1138 2371 Contigit
1184 2263 1282 2347 mihi
1313 2261 1470 2347 infinita

159 2386 354 2472 occasione
372 2413 439 2500 per
460 2413 531 2470 10.
549 2387 694 2473 menses
723 2387 866 2472 horum
897 2387 1118 2470 animalium
1149 2411 1277 2472 mores
1306 2407 1348 2472 et
1377 2413 1469 2473 con·

159 2510 364 2599 sueardims
410 2515 577 2624 qnotidie
610 2532 701 2598 ante
729 2512 866 2624 tugurii
916 2513 1054 2598 ostium
1106 2511 1328 2621 obseruare,
1377 2513 1473 2620 hino

154 2665 253 2754 qtae
283 2641 382 2726 mihi
412 2638 603 2725 verissime
617 2639 806 2726 obsonato
821 2638 996 2745 neum,
1029 2640 1198 2726 breuibus
1233 2639 1469 2751 subimgam·

274 2771 425 2854 Amant
455 2767 551 2852 haec
590 2769 763 2854 animalia
791 2767 878 2851 loca
915 2765 1054 2853 vadosa
1101 2787 1142 2852 et
1171 2767 1324 2854 arenoso
1370 2769 1474 2854 circa

159 2893 249 2979 situs
289 2898 433 3002 maris,
462 2895 709 2983 lubentissime
740 2913 867 2980 autem
900 2899 1042 3006 degunt
1068 2896 1166 2981 cirea
1191 2895 1284 2980 ostia
1300 2885 1470 3005 ripamni

156 3041 204 3105 et
235 3022 474 3107 fluuiolonm
490 3048 711 3134 ‚aquarum
744 3024 967 3105 irruentium
999 3023 1192 3106 dulcedine
1239 3021 1396 3127 allecti,
1428 3036 1471 3104 ee

160 3150 315 3257 quidem
332 3147 481 3261 semper
495 3151 704 3295 gregatim3
740 3150 912 3234 nondum
941 3148 1087 3233 adultos
1116 3172 1162 3232 ac
1192 3144 1348 3231 tenellos
1380 3158 1471 3230 ante'

156 3275 198 3359 se
225 3278 380 3387 qmdem
424 3294 544 3387 agunt
574 3280 615 3360 in
644 3275 777 3387 paim,
806 3299 944 3359 verum
975 3298 999 3357 a
1030 3294 1141 3383 tergo
1175 3293 1216 3357 et
1247 3271 1362 3358 latere
1399 3271 1473 3357 sol

156 3404 264 3489 sic‘ne
280 3408 440 3513 eingtrot
466 3423 509 3488 et
541 3404 690 3489 medios
704 3402 854 3512 semper
867 3404 907 3487 in
920 3424 1037 3512 grege
1051 3399 1199 3485 seruant
1214 3466 1227 3510 ,
1243 3401 1342 3487 aestu
1358 3400 1473 3486 audio

158 3550 247 3615 tam
277 3556 403 3640 prope
428 3532 478 3617 ad
510 3532 594 3615 lime
637 3533 846 3637 accedunt,
894 3548 941 3613 vt
970 3551 1051 3611 non
1081 3545 1234 3612 tantum
1283 3528 1417 3614 bando
1446 3552 1507 3639 a,

160 3678 302 3741 meet
331 3660 460 3763 ianget
489 3656 598 3768 fiepe
630 3658 739 3768 petiti
766 3658 935 3763 suerint,
966 3655 1029 3739 sed
1059 3672 1101 3737 et
1132 3656 1249 3763 manu
1279 3654 1472 3740 interdum

160 3786 319 3869 idomm
346 3804 499 3896 tergora
528 3786 812 3871 demrdcerem
858 3781 965 3867 Illata
1000 3778 1149 3865 minori
1195 3781 1328 3867 iniuria
1373 3778 1473 3866 nihil

160 3912 263 3997 aliud
291 3932 438 4023 agunt,
467 3938 582 4025 quam
629 3912 731 4024 quod
762 3938 786 3995 a
815 3911 937 3996 litore-
970 3906 1208 4020 longinquius
1257 3908 1473 4016 discedant,
1535 4018 1537 4025 Α

165 4038 252 4150 pon
282 4040 393 4124 baare
421 4061 572 4151 tempos
600 4040 711 4125 obliti
741 4040 894 4124 iniuriae
924 4039 1050 4125 denuo
1078 4037 1269 4121 accedant.
1314 4032 1474 4148 Degunt

165 4166 510 4251 communissrme
499 4193 539 4251 m
571 4168 710 4251 vicinia
742 4169 909 4277 integrae
939 4162 1131 4271 familiae,
1161 4188 1244 4248 mas
1274 4188 1363 4248 cum
1388 4165 1474 4249 soe·-

167 4293 285 4378 me‘lln
316 4293 445 4379 adulto
473 4316 555 4377 vno
591 4314 632 4375 et
662 4293 813 4437 pannosa
866 4290 1004 4375 tenella
1055 4293 1203 4400 prose:
1246 4290 1474 4401 monogami

167 4420 268 4509 mihi
299 4422 502 4533 nidenan,
532 4422 665 4534 qumis
690 4445 792 4639 ωὲιι
809 4432 984 4533 oeutpore
1013 4419 1196 4533 pariunt,
1212 4414 1473 4513 communis}

787 4568 806 4629 s
836 4569 863 4627 2
1402 4560 1470 4625 me
