4475 5900
429 457 514 555 ur
542 456 759 557 unsrun
787 450 1059 551 Murrum
1147 413 1150 423 ’
1356 486 1447 573 29,

241 696 392 805 Pelles,
422 710 630 809 antequam
657 691 737 781 usui
778 668 919 777 cedunt
966 684 1157 799 sequentes
1203 692 1450 805 experiuntur

125 826 283 913 labores.
321 821 381 941 ι.)
412 824 454 909 Α
483 826 580 938 pelle
612 821 782 909 denam
811 816 1029 929 panniculus
1060 818 1281 905 musculosus
1296 818 1451 909 seorsim

126 956 250 1039 cultro
281 954 496 1066 separatur,
533 953 632 1036 hunc
674 950 846 1033 laborem
881 943 989 1031 Ruffi
1023 937 1225 1032 Shuonico
1259 950 1451 1034 uocabulo

125 1076 255 1168 Bolon
270 1083 362 1169 sniat
379 1084 616 1194 exprimunt.
638 1082 699 1182 21.)
731 1076 839 1162 Pellis
855 1091 902 1158 rt
918 1091 962 1156 ut
980 1075 1106 1183 potest
1124 1078 1297 1162 maxime
1314 1078 1452 1162 disten·
1634 1088 1637 1094 “

124 1212 225 1297 ditur
242 1276 255 1320 ,
274 1193 432 1299 ⁸etenim
450 1231 597 1321 praeter
613 1208 719 1315 hoc,
749 1202 852 1314 quod
870 1204 1094 1310 magnitudo
1109 1206 1275 1314 pretium
1309 1222 1454 1315 auget,
1476 1266 1481 1275 .
1547 1222 1548 1227 ‘

123 1357 254 1451 parata
271 1342 359 1427 inde
377 1338 527 1450 pellicia
543 1339 684 1422 leuiora
700 1333 865 1418 euadnnt
882 1390 896 1433 ,
913 1332 1040 1419 minus
1054 1351 1185 1416 autem
1203 1335 1309 1444 quod
1327 1335 1376 1418 ad
1391 1332 1453 1444 pi·

123 1468 184 1552 los
200 1467 374 1579 speciosa.
410 1463 472 1582 a.)
503 1463 651 1550 Ossibus
668 1486 720 1546 ex
737 1461 904 1545 latorum
922 1456 988 1539 alis
1003 1458 1103 1568 pilos
1118 1461 1372 1566 coordinant,
1410 1478 1451 1543 et
1469 1514 1475 1521 ι

123 1596 213 1679 nudi
229 1619 300 1709 pet
314 1593 699 1706 aliquot-septimanas
716 1586 825 1697 super
840 1583 912 1666 illis
927 1582 1155 1692 dormiunt,
1187 1610 1267 1695 quo
1290 1584 1451 1671 lucidio-

123 1748 209 1833 res,
243 1711 477 1836 pulchriores
493 1740 534 1805 et
550 1718 768 1804 mundiores
784 1714 974 1816 euadant,
1006 1709 1109 1793 hunc
1134 1711 1303 1797 laborem
1338 1712 1448 1799 unffi
1614 1776 1619 1785 .

121 1875 269 1938 uocant
321 1850 492 1961 Wyspat
539 1844 660 1931 Bobr.
731 1837 794 1955 4.)
858 1834 1010 1921 cancer
1046 1838 1141 1921 dum
1177 1862 1199 1920 a
1250 1839 1455 1949 gentilibus

130 1979 389 2068 nanciscuntur
412 1976 547 2091 pelles,
579 1973 688 2084 super
722 1971 813 2055 niue
836 1992 897 2051 eas
913 1968 1059 2077 saepius
1076 1963 1217 2049 baculis
1232 1969 1453 2078 verberant,

121 2108 152 2199 fi
168 2110 268 2221 pilus
283 2110 479 2195 fusuram
494 2103 643 2189 alterius
658 2122 775 2209 quam
791 2096 889 2205 nigri
906 2094 1060 2199 coloris,
1082 2092 1256 2177 colorem
1275 2094 1454 2179 inducunt

121 2262 174 2322 ex
188 2237 359 2323 ahrmine
375 2253 416 2319 et
443 2233 565 2318 baccis
589 2222 772 2337 Empetti
807 2224 856 2305 ad
889 2218 1167 2305 consistentiam
1204 2222 1327 2307 codis
1361 2246 1455 2308 cum

124 2362 360 2478 pinguedine
373 2361 551 2473 piscium,
569 2384 593 2443 a
609 2381 688 2466 quo
703 2349 946 2459 splendorem
964 2363 1003 2425 et
1020 2346 1216 2451 nigrorem
1237 2347 1458 2433 nanciscun.

120 2512 213 2600 tur,
244 2490 481 2605 cognoscitur
495 2503 626 2570 autem
637 2482 771 2583 dara,
803 2474 898 2559 dnm
917 2470 1016 2584 pilus
1031 2470 1205 2557 euelhtut
1225 2474 1453 2583 solitarius,

120 2648 168 2710 ac
185 2620 326 2733 triplex
340 2619 451 2703 color
465 2629 623 2725 apparet
639 2604 809 2694 industus
825 2603 934 2713 niger
949 2603 990 2687 in
1007 2596 1223 2687 summitate
1239 2620 1278 2689 et
1304 2601 1458 2691 medie·

122 2769 202 2839 tate
218 2748 290 2866 pili
306 2747 452 2835 natiuus
468 2740 640 2847 abhinc,
673 2754 713 2823 et
728 2734 889 2846 denique
904 2727 1036 2815 filndus
1051 2726 1138 2841 pili.
1186 2798 1195 2850 3
1235 2768 1257 2819 ,-
1446 2714 1451 2718 ’

236 3010 352 3100 Dum
369 3010 550 3096 lutrinum
569 3001 686 3116 pelles
719 3003 987 3112 praeparantur
1033 2991 1082 3076 ad
1115 2987 1254 3095 nsum,
1287 2991 1453 3100 gentiles

124 3141 318 3254 sequentia
336 3139 458 3224 adhuc
474 3137 682 3244 suscipiunt.
717 3127 920 3233 ¹Inungunt
952 3119 1120 3206 auersam
1156 3137 1306 3228 partem
1346 3122 1459 3230 pellis

119 3297 212 3359 cnm
228 3273 312 3354 ouis
325 3267 484 3378 piscium
503 3257 695 3347 exsiccatis
725 3272 765 3337 et
782 3255 820 3338 in
838 3250 995 3334 farinam
1013 3245 1174 3331 contusis
1192 3310 1205 3353 ,
1221 3264 1268 3329 vt
1284 3245 1455 3336 Rutheni

117 3425 212 3494 cum
230 3412 422 3482 attenuato
439 3392 631 3478 fermento
645 3384 781 3498 panis,
810 3380 898 3466 dein
924 3375 1067 3487 pellem
1104 3372 1353 3459 conuolutam
1384 3401 1460 3487 per

119 3535 263 3640 aliquot
279 3527 359 3614 dies
373 3537 592 3634 reponunt,
626 3514 754 3626 postea
770 3503 983 3611 conchyliis
999 3521 1039 3588 et
1066 3500 1223 3596 silicibus
1256 3498 1457 3616 scalpunt,

119 3659 281 3769 denique
299 3653 450 3765 pumice
465 3648 650 3755 laeuigant
668 3662 690 3747 ,¹
713 3641 842 3750 ligneo
859 3650 1058 3718 ancoram
1078 3629 1142 3711 diu
1175 3628 1339 3714 auersam
1366 3659 1457 3744 par.

118 3811 203 3880 tem
223 3800 348 3869 terunt
366 3779 510 3893 pariter
523 3801 568 3859 ac
583 3770 754 3857 manibus
773 3828 785 3872 ,
803 3765 924 3848 donec
943 3785 965 3843 a
983 3757 1098 3843 massa
1116 3753 1337 3840 fermentata
1359 3783 1455 3844 ouo·

118 3947 207 4008 rum
224 3907 475 3998 mollesceret
491 3902 619 3989 omnis
636 3895 827 4010 pinguedo
843 3890 971 3976 mollis
987 3907 1026 3970 et
1043 3883 1340 3970 flexiliseuadat.
1375 3890 1458 3975 Re.

119 4051 246 4162 liquae
264 4041 445 4125 lutrarum
463 4033 579 4146 pelles
595 4052 762 4157 omnes,
795 4045 892 4134 quae
911 4012 1194 4102 mercatoribus
1212 4013 1461 4123 venduntur,

118 4181 232 4264 mdes
246 4169 384 4280 absque
398 4165 474 4250 vlu
493 4156 782 4270 praeparatione
799 4163 1086 4258 exportantur,
1124 4141 1178 4225 ob
1193 4137 1233 4224 id
1252 4144 1354 4254 quod
1387 4145 1461 4230 oh-
1573 4245 1579 4256 ἢ
1651 4207 1653 4214 ,

117 4306 305 4391 seruatum
346 4296 436 4403 sirit,
483 4289 552 4377 has
576 4285 686 4374 rudes
718 4282 892 4367 colorem
935 4271 1110 4357 uotiuum
1152 4269 1457 4362 constantiorem

120 4427 278 4524 senate

438 4565 442 4572 ’
605 4532 911 4636 'Dddd
1351 4523 1457 4643 'sang
1627 4635 1631 4646 ¹
