4475 5900
265 570 272 576 ·
430 432 695 542 scansus
723 431 1149 543 warunnam:
1382 478 1478 571 459
1645 550 1646 555 a

63 699 76 717 ·
151 676 336 766 circulum
370 700 462 760 cum
495 675 684 763 sistemate
714 676 941 791 capillorum
972 680 1098 769 modo
1114 751 1117 755 .
1133 682 1234 787 §1¹⁰⁰
1264 682 1478 802 destripto3

150 809 309 923 capillus
326 806 406 890 HF
423 810 463 892 in
481 807 592 917 plaga
609 808 840 893 occidentali
856 809 984 922 capilli
1002 813 1091 899 ΑΕ
1108 816 1308 923 ponendus
1321 818 1369 901 ad
1387 846 1465 905 cor-
1477 851 1539 928 arg.
1568 868 1621 915 rr.

151 962 227 1022 nua
257 936 451 1048 phaseos,
479 955 525 1020 vt
553 935 688 1020 eadem
729 939 871 1023 axaeie
920 941 1108 1054 stringat3
1141 959 1186 1027 et.
1211 944 1361 1030 eodem·
1378 972 1477 1047 nmo.

148 1085 312 1172 mento,
343 1088 422 1175 quo
452 1062 611 1175 capillus
639 1065 689 1149 ad
719 1092 866 1155 cornua
896 1069 994 1156 bene
1023 1068 1191 1157 diebus
1212 1072 1295 1183 est,
1327 1074 1474 1162 immo-

145 1213 191 1278 to
221 1194 319 1279 mbo
347 1193 608 1304 sistemateque
645 1195 875 1305 capillorum
924 1217 1174 1284 nmnereutur
1222 1200 1477 1291 oscillationes

144 1319 372 1433 horologii,
404 1322 545 1407 eodem
576 1324 723 1433 prorsus
754 1328 902 1435 modo,
939 1352 1022 1439 quo
1050 1328 1157 1413 idem
1196 1330 1281 1434 §4‘0
1327 1328 1474 1419 uuum

146 1452 232 1561 est,
263 1454 390 1534 donec
422 1450 560 1537 limbus
592 1452 754 1536 umbrae
793 1456 997 1540 Terrestris
1042 1456 1203 1567 capillos
1233 1482 1265 1543 x
1267 1486 1303 1569 y
1332 1476 1371 1544 et
1400 1485 1472 1547 uu
1596 1446 1627 1477 ³

143 1581 210 1666 srbi
242 1582 450 1690 proximos
480 1580 672 1690 attingat,
703 1582 845 1668 limbus
872 1603 1004 1670 autem
1035 1582 1245 1670 luminosus
1272 1586 1406 1673 Lunae
1421 1588 1470 1675 ad

141 1707 300 1821 capillos
330 1732 392 1821 qr
425 1726 465 1793 et
496 1704 623 1816 BD,
655 1714 882 1821 pmximum
912 1736 1058 1823 nunpe
1073 1714 1248 1822 primum
1273 1731 1315 1799 et
1331 1718 1471 1823 proxi-

141 1864 253 1924 mmn
287 1835 448 1932 tertium
496 1835 696 1946 appellat,
744 1865 912 1951 quorum
961 1838 1186 1951 appulsum
1234 1859 1468 1951 temporaa

137 1965 320 2053 contactu
348 1988 541 2049 cornuum
572 1989 664 2049 cum
696 1968 835 2079 capillo
862 1967 954 2055 HF
986 1985 1185 2055 mmerata
1215 1970 1370 2059 seorsim
1396 1994 1466 2059 no

137 2112 302 2182 tentus·
346 2092 403 2179 Et
433 2093 521 2178 data
550 2111 664 2178 erum
693 2097 826 2181 omnia
856 2098 1035 2208 requifita
1063 2097 1112 2179 ad
1128 2094 1263 2207 phafin
1287 2098 1472 2211 eclipseos

136 2224 331 2331 Lunaris,
379 2222 611 2306 diametrum
661 2222 824 2308 umbrae
870 2223 1106 2328 Terrestris,
1138 2240 1181 2306 et
1229 2226 1469 2335 positionem

133 2354 306 2442 chordae
338 2350 546 2433 desectione
576 2348 625 2433 ad
657 2348 839 2434 diurnum
869 2348 1006 2435 lamae
1037 2366 1221 2461 tempore
1267 2351 1495 2441 canaan·

132 2505 327 2571 cornuum
358 2502 453 2561 cum
482 2475 627 2587 capillo
656 2476 747 2561 HF
784 2475 1089 2564 detenninandis
1119 2477 1336 2567 netellam.

251 2616 287 2713 §.
312 2634 381 2713 14.
414 2605 669 2718 Representet
697 2605 804 2692 enirn
835 2606 996 2693 ciruilm
1025 2599 1214 2696 A-DEG
1238 2632 1331 2697 cum
1354 2608 1468 2700 lineis

130 2740 321 2856 parallelis
352 2737 493 2820 intense
521 2752 564 2818 et
592 2735 640 2820 ad
668 2731 813 2822 lineam
844 2727 1331 2846 GCperpendicularibus
1354 2766 1464 2828 cam-

131 2896 227 2985 pum
261 2865 338 2955 tubi
371 2890 463 2949 cum
494 2864 682 2949 sistemate
711 2865 940 2977 capillorum
972 2852 1077 2954 §1¹²⁰
1091 2864 1311 2980 descripto,
1343 2868 1529 3010 sitqueffig
1555 2946 1611 3001 rr.

129 2999 288 3088 circulus
319 2993 478 3080 dWK
510 2993 620 3079 Luna
668 2992 851 3105 eclipsans
865 2996 991 3106 „alter
1006 3016 1107 3078 vero
1131 2994 1289 3082 circulus
1320 2997 1460 3088 thK

125 3129 273 3217 umbra
303 3123 512 3208 Terrestris
541 3123 697 3209 Lunam
727 3124 958 3233 obscurans,
985 3122 1028 3206 in
1059 3143 1110 3208 eo
1140 3122 1211 3208 situ
1240 3123 1299 3212 -ad
1331 3125 1369 3210 se
1401 3131 1463 3214 in-

126 3262 263 3345 uicem
294 3254 524 3365 capillosque
555 3250 664 3357 tubi,
695 3275 815 3362 quem
848 3271 1029 3363 tempure
1058 3252 1256 3338 contastus
1271 3277 1460 3344 comuum
1523 3283 1524 3286 ‘
1620 3361 1621 3364 p

129 3385 292 3502 phaseos
321 3408 409 3468 cum
431 3381 586 3492 capillo
615 3380 656 3465 H
674 3378 706 3463 F
726 3379 896 3466 habent.
933 3493 938 3502 Ι
961 3378 1138 3468 Ducatut
1153 3407 1176 3466 a
1193 3369 1460 3471 medio'chor.

128 3524 205 3605 dae
236 3512 443 3599 defediuae
476 3535 547 3618 m,
578 3510 685 3600 linea
715 3511 798 3597 md
810 3576 822 3620 ‚
854 3510 1100 3624 paulatum
1134 3510 1319 3621 capillum
1336 3509 1424 3600 GC
1440 3497 1472 3624 ,¹

126 3672 254 3762 quae,
287 3644 374 3755 quia
407 3665 479 3750 per
509 3657 640 3726 centra
673 3643 869 3752 variusque
899 3641 1030 3725 circui
1053 3635 1207 3745 tranfit,
1237 3645 1454 3750 marginem
1498 3641 1501 3646 ’

126 3779 290 3863 umbrae
318 3770 383 3856 W
399 3797 423 3857 n
442 3770 508 3879 K,
537 3770 830 3883 marginemque
850 3768 1094 3856 luminosum
1126 3763 1259 3852 Lunae
1294 3768 1358 3853 W
1374 3769 1452 3858 att

123 3905 267 3992 secabit
297 3901 338 3987 iu
370 3901 524 4014 paruis
555 3926 608 4009 n,
639 3918 682 3984 et
708 3901 741 3986 d
752 3965 765 4007 ,
794 3926 817 3984 a
846 3898 992 3985 chorda
1040 3895 1224 3984 defeatur
1271 3895 1334 3986 W
1353 3897 1452 3986 Kar

123 4038 238 4122 initio
269 4028 845 4139 obscurationis-remotillimis5
863 4033 1010 4143 en'tque
1039 4027 1140 4114 brea
1169 4049 1194 4110 n
1219 4025 1250 4110 d
1273 4027 1453 4148 mensum
1640 4135 1645 4146 „

124 4167 244 4280 partis
274 4161 421 4246 lutitiae
454 4159 589 4246 Lunae
619 4163 669 4246 ab
687 4161 827 4271 'eclipsi
857 4159 980 4245 adhuc
1010 4157 1174 4267 liberae,
1205 4155 1303 4242 linea
1319 4175 1453 4248 autem

122 4321 203 4381 mn
234 4293 483 4408 quantitatem
514 4290 701 4400 segmenti
725 4289 895 4374 umbrae
924 4290 966 4373 in
996 4284 1262 4409 ursulanae
1303 4289 1450 4373 eodem

123 4441 306 4539 tempore
338 4417 553 4534 ‘conspicui
600 4411 814 4506 exhibebit.
875 4416 936 4505 Vt
973 4435 1105 4508 autem
1148 4419 1272 4508 linoae
1302 4414 1376 4505 hae
1405 4416 1449 4498 in

680 4549 821 4640 'Mm
851 4574 961 4640 ma
1326 4561 1454 4663 partr-
