4475 5900
788 533 887 627 aar
919 581 922 584 ι
1141 521 1224 614 na
1255 487 1481 668 umus
1499 455 1789 618 allatura

787 751 898 838 instat
927 736 1103 838 anuali
1137 756 1303 843 coerulei
1332 773 1574 867 transparent.
1611 719 1873 844 -Memunna
1889 746 1965 836 hac
1980 748 2105 840 uului

788 878 995 965 substantia
1011 886 1133 992 epatis
1164 905 1352 998 apparet,
1380 887 1513 969 colore
1545 881 1640 970 litsca
1673 884 1792 994 tnagis
1818 903 1939 1003 quatu
1971 880 2101 990 boum,

788 1007 900 1090 ualde
949 1029 1080 1094 tamen
1133 1015 1262 1098 mollis
1291 1030 1333 1096 et
1362 1010 1566 1100 ratiffimue
1614 1012 1848 1117 anianae,
1871 1077 1877 1086 .
1897 1012 1954 1092 ita
1993 1011 2101 1098 ttud

603 1190 619 1226 .
788 1133 935 1222 ostatu
969 1139 1076 1224 uelut
1106 1141 1258 1250 putrida
1287 1136 1350 1225 sub
1383 1144 1557 1226 manibus
1592 1139 1754 1224 diffluat.

821 1267 825 1274 '
906 1259 1010 1373 Cyssi
1042 1268 1147 1354 fellea
1184 1285 1315 1379 caret,
1356 1268 1487 1352 duditrs
1533 1285 1661 1356 autem
1705 1260 1958 1352 cholidoclrus
1998 1266 2101 1350 rtin

789 1413 891 1502 equo
928 1395 1090 1506 quinque
1129 1397 1364 1508 compoutos
1389 1396 1533 1508 digitos
1562 1387 1667 1480 facile
1697 1393 1903 1502 admittit,
1942 1394 2101 1505 adeoque

788 1519 1079 1632 capaciffimus,
1110 1517 1311 1609 dimidiam
1326 1523 1463 1610 lineam
1482 1523 1636 1629 collus,
1654 1519 1917 1630 talidillunus,
1952 1523 2043 1606 soor
2057 1521 2101 1606 al-

788 1644 922 1752 bidus,
956 1649 1055 1733 intus
1084 1677 1239 1736 croceus
1268 1651 1356 1759 eu,
1385 1675 1431 1735 ac
1462 1653 1510 1736 ad
1542 1649 1679 1736 ollium
1711 1655 1750 1734 in
1782 1649 2006 1736 duodenum
2033 1673 2100 1734 tm

791 1797 882 1857 cum
916 1780 1159 1884 pancteatico
1190 1781 1232 1863 in
1262 1803 1384 1864 unum
1415 1777 1589 1866 canalem
1621 1775 1804 1863 coalescit.
1900 1873 1905 1886 ,

905 1905 1035 1991 Renes
1065 1909 1189 1992 iuxtra
1217 1907 1367 2020 spinam
1401 1906 1501 1992 dorsr
1531 1907 1707 2015 utrinque
1740 1908 1779 1990 in
1810 1905 1973 1991 cauinte
2011 1903 2102 1993 itun-

788 2026 924 2114 botum
955 2035 1143 2117 reconditi
1176 2056 1250 2133 32.
1281 2035 1441 2144 pollices
1467 2035 1575 2144 longi
1607 2052 1649 2118 et
1685 2046 1755 2121 18·
1786 2032 1884 2142 lati,
1910 2035 2102 2120 lismnre·

787 2176 881 2238 nutu
915 2159 1130 2267 ordinaria,
1160 2158 1410 2251 ualidisfimae
1438 2163 1690 2256 membranae
1730 2159 1892 2271 lncluss,
1919 2189 2015 2284 ‘qua
2043 2168 2102 2248 de-

786 2279 906 2366 ttadia
939 2274 1120 2394 permulti
1143 2288 1385 2398 apparebant
1424 2287 1618 2373 renunculi
1662 2290 1839 2376 ciusdem
1887 2287 2103 2379 formasa

785 2409 828 2492 in
859 2407 985 2519 phoca
1015 2433 1055 2508 et
1087 2415 1182 2498 lutra
1214 2415 1380 2528 matina,
1408 2441 1543 2500 verum
1564 2416 1825 2527 magnitudine
1842 2413 1915 2502 hos
1937 2419 2101 2505 maltum

785 2533 958 2646 superant
994 2565 1019 2620 2
1069 2543 1224 2652 pollices
1252 2544 1295 2626 in
1322 2544 1520 2655 superficie
1552 2542 1657 2655 longi
1684 2563 1732 2651 et·
1763 2551 1806 2641 t}
1846 2543 1943 2653 lati,
1993 2571 2102 2656 pyta-

789 2664 927 2748 midati
959 2664 1075 2750 versus
1106 2657 1301 2753 interiores
1330 2671 1489 2784 apices3
1521 2673 1678 2783 quilibet
1708 2671 1850 2759 horum
1867 2692 1870 2700 '
1890 2675 2099 2759 mnuocttlo

787 2809 874 2869 tum
907 2792 1081 2899 peculiari
1112 2793 1291 2882 vrethere
1321 2797 1462 2908 papila
1493 2818 1532 2908 et
1567 2799 1740 2886 arteriola
1786 2799 2000 2912 ssugttlatim
2047 2804 2101 2887 iu·

786 2911 963 3026 limitat,
995 2920 1188 3007 vretheres
1220 2931 1263 3008 6.
1297 2929 1455 3013 maiores
1483 2950 1610 3013 ramos
1640 2929 1839 3039 praecipue
1854 2929 2102 3037 constituunt,

787 3064 832 3126 cc
864 3046 1020 3131 tandem
1052 3076 1122 3161 pet
1154 3076 1275 3139 vnum
1305 3054 1477 3141 tanturn
1509 3056 1659 3141 utinam
1691 3056 1859 3151 deserunt
1883 3058 1927 3143 iu
1944 3059 2102 3147 uetiam

786 3171 1019 3280 urinariam,
1050 3180 1169 3285 peluis
1201 3202 1330 3266 autem
1362 3201 1406 3268 tt
1442 3184 1482 3267 in
1514 3181 1725 3295 eleplnnte.

905 3294 1081 3407 Capsulas
1110 3303 1327 3390 atribilatias
1366 3333 1506 3422 aequae
1548 3336 1593 3395 ac
1625 3313 1768 3399 lienem
1805 3335 1861 3400 ex
1905 3315 2104 3403 obliuione

783 3423 974 3530 preterii,
1007 3429 1221 3537 pariterue
1252 3434 1392 3521 interna
1432 3440 1682 3549 generationis
1727 3464 1869 3553 organa
1903 3470 1949 3529 ac
1964 3430 2103 3531 'multa

781 3546 886 3656 alia,
918 3577 1016 3664 quae
1047 3554 1217 3642 milri‘in
1250 3582 1424 3663 mentem
1456 3567 1636 3677 deinceps
1665 3587 1877 3678 uenerant,
1907 3596 1999 3659 curu
2025 3578 2101 3659 iam

782 3671 891 3791 plura
914 3681 1134 3771 obstruaudi
1165 3680 1238 3772 nec
1271 3707 1423 3803 tempus
1453 3717 1522 3777 nec
1554 3695 1704 3782 occasio
1719 3696 1884 3808 amplius
1898 3702 2099 3815 supererat.

914 3928 925 3949 ·
1025 3888 1230 3984 osstvu't
1265 3896 1464 3991 BREVIS
1496 3900 1844 3997 Dnscutuuto.

897 4090 966 4177 Ad
996 4089 1072 4174 olla
1103 4088 1257 4176 Munati
1285 4092 1386 4205 quod
1418 4094 1553 4189 attinet
1582 4095 1716 4211 capitis
1744 4096 1823 4215 olli
1853 4098 2042 4189 soliditate
2061 4122 2104 4189 et

634 4313 642 4325 .
784 4214 922 4299 robore
962 4222 1094 4330 equina
1140 4217 1337 4328 referunt,
1383 4221 1523 4334 reliqua
1553 4244 1721 4313 vernet
1750 4228 2015 4339 magnitudine
2056 4250 2133 4334 ct⁴

785 4334 969 4451 soliditate
1000 4349 1179 4437 omniurn
1213 4349 1457 4450 terrestrium,
1474 4354 1700 4442 attimallutu
1729 4353 1807 4445 oua
1841 4358 2013 4445 uiucuot.

1970 4558 2114 4709 ern·
