4475 5900
629 410 632 418 ’
785 493 875 581 ψ
1003 472 1090 567 nr
1118 461 1537 565 Vnomnrtoun
1576 463 1951 564 inauratura

779 703 972 790 interdum
1004 705 1171 816 generati
1202 703 1431 788 vermiculos
1459 715 1521 784 aut
1552 696 1705 782 insedia.
1742 726 1785 803 3.
1851 694 1893 784 Si
1923 699 1972 784 ab
2000 705 2094 791 afflu-

782 854 871 916 ente
898 857 991 942 aqua
1023 832 1139 915 nimis
1169 829 1439 920 emolliantur:
1473 829 1512 911 id
1544 825 1630 935 ipsis
1672 850 1819 920 nocere.
1855 856 1898 930 4.
1964 830 2096 917 Flacci·

781 961 851 1044 dos
883 979 1015 1042 tameo
1047 959 1133 1043 illos
1171 958 1320 1041 succum
1360 957 1480 1040 adhuc
1531 954 1653 1060 largiri
1705 954 1921 1066 plumulae;
1974 965 2095 1068 prouti

781 1085 932 1168 testatur
963 1085 1152 1170 Matiutte
1185 1083 1211 1166 l.
1246 1111 1281 1168 c.
1318 1111 1360 1192 p.
1400 1097 1515 1190 128,
1550 1101 1588 1162 et
1620 1083 1726 1165 idem
1743 1082 1995 1168 confirmatur
2024 1089 2093 1172 Ex·

635 1201 639 1208 ’
781 1214 926 1321 perim.
957 1210 1009 1319 1,
1040 1212 1102 1296 die
1139 1238 1211 1292 12.
1276 1210 1375 1296 Non
1413 1211 1546 1296 dubito
1597 1229 1788 1319 praeterea
1832 1210 1878 1293 de
1904 1218 2093 1322 germine,

779 1337 847 1424 vel
880 1338 1043 1453 plumosa
1073 1342 1253 1445 asserere,
1299 1366 1338 1422 1.
1375 1340 1472 1424 Illud
1504 1339 1552 1422 ab
1593 1339 1706 1422 initio
1754 1341 2006 1448 vegetationis
2035 1369 2094 1452 pa-

778 1493 866 1552 rum
898 1469 1040 1578 augeri.
1074 1495 1114 1549 2.
1181 1465 1278 1551 Illud
1309 1469 1474 1573 diutius,
1504 1493 1617 1578 quam
1650 1469 1788 1551 radices
1814 1467 1968 1578 intent,
2005 1473 2093 1558 inna

598 1592 601 1596 ’
779 1595 891 1678 lobos
917 1597 1025 1702 graui
1057 1619 1213 1677 manere
1246 1598 1499 1679 reconditum.
1539 1616 1579 1692 3.
1653 1595 1773 1678 Extra
1821 1593 1933 1678 lobos
1982 1598 2091 1682 exser-

780 1741 868 1806 tum
901 1720 991 1804 illud
1024 1712 1256 1805 verticaliter
1289 1721 1425 1806 sursum
1460 1725 1529 1805 niti
1560 1723 1720 1832 semper.
1755 1752 1795 1826 4-
1861 1723 1976 1818 Nihil
2013 1727 2092 1812 illud

780 1865 903 1934 terrae
936 1847 1003 1932 srbi
1032 1848 1292 1934 adhaerescens
1332 1855 1443 1963 pati,
1494 1849 1553 1937 sed
1585 1853 1632 1936 ab
1664 1851 1770 1934 huius
1818 1855 2093 1940 commixtione

778 1979 941 2062 manere
970 1975 1144 2060 libemm.
1182 2001 1223 2080 5.
1289 1978 1471 2065 Eiusdem
1503 1979 1715 2062 admodum
1732 1978 1873 2061 lentam
1892 1997 1932 2060 et
1953 1979 2093 2090 segnem

779 2103 851 2188 else
891 2109 1220 2216 euapomtionem.
1287 2107 1472 2192 Raditum
1520 2109 1683 2219 denique
1731 2106 1982 2218 proprietates
2028 2111 2093 2194 lare

776 2231 890 2318 sunt:
924 2234 1037 2318 radix
1065 2234 1168 2343 prius
1199 2258 1318 2346 grano
1349 2239 1461 2344 exit,
1494 2261 1607 2347 quam
1640 2259 1810 2345 germen.
1848 2260 1901 2320 2..
1957 2237 2091 2322 Eadem

778 2361 951 2448 celeriter
979 2359 1141 2466 crescit,
1183 2379 1315 2448 contra
1355 2389 1468 2476 quarn
1519 2387 1677 2473 germen
1728 2360 1827 2446 facit.
1864 2385 1906 2462 3.
1972 2367 2094 2452 Radix

776 2492 962 2603 primaria
1012 2490 1090 2575 cito
1123 2489 1191 2575 libi
1219 2491 1390 2601 adiungit
1436 2490 1691 2598 secundarius,
1732 2515 1784 2574 ex
1814 2488 1848 2572 se
1879 2512 2019 2577 enatus.
2053 2523 2092 2600 4.

779 2617 911 2706 Radix
941 2619 1168 2705 verticaliter
1198 2617 1366 2704 deorsum
1398 2617 1544 2731 semper
1576 2618 1735 2730 crescit;
1773 2617 1928 2704 sarem
1977 2627 2094 2734 imm-

782 2747 904 2832 diatur
932 2749 972 2832 in
1004 2747 1075 2833 hac
1107 2749 1313 2836 ditectione
1342 2745 1429 2834 sua:
1463 2768 1545 2833 tum
1577 2749 1856 2860 impedimenta
1886 2749 1981 2835 haec
2001 2753 2093 2838 mol-

779 2875 877 2964 liora
906 2878 1168 2992 perterebrat3
1202 2880 1354 2965 duriora
1387 2896 1515 2964 autem
1531 2925 1533 2932 >
1549 2875 1844 2990 supergreditur,
1893 2879 2016 2964 donec
2052 2883 2093 2966 li-

780 3004 913 3093 beram
944 3008 1125 3093 crescendi
1158 3005 1335 3093 deorsum
1366 3010 1473 3092 uiam
1490 3005 1729 3092 nanciscatur.
1752 3030 1793 3108 ς.
1860 3008 1989 3095 Radix
2005 3034 2092 3094 cou-

778 3135 890 3221 tinuo
921 3154 1063 3222 terram
1095 3137 1163 3223 fibi
1193 3137 1458 3222 adhaerentem
1489 3136 1602 3248 habet
1636 3160 1749 3245 quam
1801 3134 2018 3220 ardilsrme.
2050 3146 2090 3221 6.

779 3264 987 3350 Radiculae
1018 3266 1156 3350 virides
1187 3270 1269 3349 saint
1301 3266 1341 3349 in
1371 3264 1614 3351 extremitate
1644 3258 1735 3369 sua,
1766 3282 1933 3349 ceterum
1976 3266 2090 3351 albae.

779 3390 959 3478 viriditas
1006 3392 1102 3478 haec
1131 3395 1178 3479 ab
1209 3392 1272 3479 illa
1304 3395 1461 3479 materia
1509 3392 1652 3491 viridi,
1697 3416 1788 3503 quae
1828 3395 1870 3475 in
1900 3418 1997 3503 aqua
2027 3422 2090 3507 pn.

779 3516 962 3606 arescente
992 3526 1143 3631 oritur,
1174 3522 1389 3608 deducenda
1420 3521 1582 3607 uidetur.
1648 3518 1714 3605 Ex
1746 3543 1821 3632 quo
1852 3518 1964 3606 simul
2013 3550 2090 3607 ma·

731 3744 735 3749 ,
777 3648 951 3735 nifelium
982 3649 1070 3753 eli,
1102 3652 1205 3763 qood
1245 3645 1438 3734 Celeberr.
1481 3646 1680 3738 fluetus
1737 3648 1778 3731 in
1816 3647 1934 3733 Flora
1964 3641 2086 3761 sartur-

775 3782 931 3865 rrizante
963 3805 1003 3890 p.
1045 3784 1135 3887 86,
1168 3778 1286 3865 dicit:
1322 3780 1463 3890 plantas
1494 3779 1615 3888 magis
1653 3776 1726 3861 else
1773 3798 1927 3888 partes,
1979 3804 2083 3887 unm

727 3983 731 3992 ,
775 3927 933 4018 parua,
967 3924 1099 3994 terrae.
1135 3926 1178 4009 7.
1245 3906 1575 4018 Euaporatiouem
1604 3908 1746 3992 radices
1796 3906 1935 3991 habent
1984 3907 2086 3992 valde

777 4037 969 4145 celerem,
999 4054 1039 4121 et
1068 4035 1188 4147 triplo
1216 4036 1373 4149 quidem
1407 4039 1627 4144 maiorem,
1655 4061 1771 4149 quam
1786 4052 1947 4146 germen
1968 4062 1981 4144 ;
2005 4034 2085 4120 lrinc

776 4183 858 4243 uon
884 4162 1091 4251 consulati
1119 4161 1302 4276 possunt,
1336 4192 1425 4253 erun
1456 4183 1695 4279 exponuntur
1733 4167 1840 4273 a'e'ri,
1890 4160 1953 4245 sed
1983 4164 2086 4247 obte-

772 4288 923 4397 gendae
955 4288 1039 4375 sunt
1070 4313 1202 4406 terra;
1236 4319 1286 4379 ex
1320 4294 1480 4381 consilio
1509 4293 1732 4411 Perillustris
1767 4295 1878 4378 Dona
1914 4287 2085 4399 Bilrsuge·

775 4419 845 4530 ti,
875 4416 913 4506 ln
941 4410 1224 4517 conmutatis
1259 4419 1383 4520 Acad.
1399 4422 1583 4543 Petroptl.
1601 4424 1737 4513 Tomu
1756 4422 1823 4531 V,
1850 4444 1945 4537 pag·
1969 4444 2088 4654 ἑοῦ,

2001 4610 2010 4631 .
2046 4569 2084 4651 5.
