4475 5900
309 481 678 581 mannaim
704 476 1107 587 commarcam
1136 502 1209 583 ca.
1251 445 1255 453 ’
1353 512 1441 601 ιι,

127 716 275 833 quartat
299 732 423 829 partes
453 716 573 805 haeae
609 716 724 805 diuisa
756 736 797 807 et
828 718 945 809 index
977 712 1078 811 aaZ
1099 746 1153 811 ex
1189 716 1350 808 obuetso
1377 720 1445 810 fit-

126 874 236 935 man.

242 974 288 1091 7)
321 976 553 1065 Notandum
586 998 702 1085 porro
733 976 818 1085 ell,
859 976 1107 1067 decremento
1153 994 1262 1084 tanto
1310 975 1449 1090 fallo,

124 1124 170 1191 vt
203 1104 385 1189 machIna
415 1102 553 1188 eleuari
581 1103 746 1212 amplius
775 1120 955 1214 nequeat,
980 1110 1206 1217 pondusctda
1222 1111 1447 1193 decrementa

126 1239 176 1317 tis
200 1232 376 1344 'aequalia
407 1233 480 1317 vali
495 1229 711 1321 „inlicienda
743 1230 846 1351 else,
877 1251 922 1316 at
951 1235 1131 1321 machina
1175 1237 1218 1322 in
1247 1234 1447 1347 paillinum

122 1360 237 1445 fitum
256 1354 410 1445 ‘redeat
478 1360 665 1443 Attamen
684 1357 722 1471 ¹fi
753 1362 975 1471 evaporatio
1005 1362 1200 1449 celenime
1247 1363 1295 1449 fit
1322 1364 1454 1447 calore

123 1512 241 1597 aquae
288 1485 479 1597 ildigniter
526 1484 808 1593 discrepantea
847 1489 1034 1598 temperie
1064 1493 1189 1598 aitis,
1235 1488 1452 1603 aequente

121 1614 299 1700 machina
329 1615 371 1698 in
400 1612 595 1724 pristinum
627 1612 738 1697 finam
771 1608 839 1697 est>
855 1612 1081 1713 redimenda
1098 1682 1111 1724 ‚
1128 1617 1232 1729 quod
1247 1643 1338 1701 caan
1355 1642 1447 1702 mo-

119 1742 266 1827 lestiam
301 1766 425 1826 crmre
457 1736 572 1851 poffit
600 1737 700 1824 haud
733 1764 891 1849 paruam
910 1804 923 1847 ,
939 1740 1043 1824 haud
1059 1744 1313 1852 incongmum
1332 1744 1449 1852 edet,

119 1868 346 1955 machinam
378 1868 427 1950 sac
443 1866 666 1970 instruem,
696 1881 742 1945 vt
771 1865 900 1973 virgae
931 1863 1113 1951 facillime
1147 1870 1288 1953 mutati
1317 1888 1357 1953 et
1385 1868 1449 1953 lo·
1551 1931 1556 1939 .

120 2020 176 2079 co
207 1998 396 2105 altmarum
427 1992 628 2077 solidarum
661 1988 741 2073 tubi
771 1989 965 2095 cylindrici
998 1993 1166 2108 eitadem
1204 1994 1453 2107 longitudinis

119 2140 161 2205 et
192 2121 372 2235 ponderis
399 2117 569 2203 adhiberi
604 2114 755 2233 poffint.
827 2115 1058 2227 Amplitudo
1105 2124 1290 2207 tuborum
1339 2139 1484 2208 tanta

30 2262 36 2275 '
117 2248 205 2334 fieri
237 2246 394 2358 potest,
426 2264 471 2331 at
499 2242 759 2329 decremento
782 2249 844 2324 60
875 2270 1081 2353 granomm
1112 2248 1216 2334 facto
1265 2248 1448 2337 mathim

113 2404 186 2490 per
237 2376 358 2460 linem
405 2375 602 2480 eleuetur,
629 2371 657 2453 i.
692 2394 727 2453 e.
768 2370 952 2455 diameter
991 2376 1171 2460 mbomm
1210 2376 1334 2487 potest
1373 2375 1445 2462 fie-

112 2508 149 2591 'ai
183 2506 434 2609 91⁷³lin-t-
495 2494 539 2585 Si
566 2522 661 2609 aqua
691 2495 811 2581 calida
841 2500 1101 2609 emporetioni
1142 2502 1349 2615 exponima
1378 2504 1442 2588 de-

112 2650 315 2719 crementa
345 2628 497 2716 initialia
527 2629 607 2712 sant
636 2626 811 2734 maiora,
843 2626 922 2711 tubi
956 2652 1048 2739 eigo
1083 2632 1195 2715 initio
1243 2629 1444 2717 machinae

112 2764 199 2846 sunt
239 2757 483 2871 adpliemdi,
515 2774 557 2841 et
587 2752 811 2840 obsennnda
844 2752 1018 2840 eleuatio.
1096 2754 1250 2845 Deinde
1299 2782 1442 2870 appm-

113 2890 327 3004 pinquante
367 2887 553 2994 temperie
589 2907 703 2994 aquae
751 2882 799 2967 ad
847 2886 1077 2995 temperiem
1128 2890 1260 2995 ae‘n's
1312 2889 1440 2972 decre·
1584 3003 1594 3014 ¹

114 3025 257 3104 menta
288 3011 563 3124 euaporatione
594 3007 693 3090 saeta
724 3007 865 3118 aequali
906 3028 1086 3118 tempore
1115 3031 1224 3094 erunt
1254 3011 1442 3120 minora

112 3139 211 3232 hinc
241 3142 371 3251 virgae
400 3137 539 3221 mlidae
568 3133 650 3220 liant
678 3134 865 3244 aptandae
894 3133 1129 3246 machinae,
1160 3153 1208 3220 vt
1222 3133 1450 3250 decremen-

115 3291 157 3359 ta
188 3271 342 3357 minora
372 3265 539 3352 exactius
569 3259 852 3374 cognoscantun

237 3399 347 3485 Haec
375 3394 572 3482 sufficiere
584 3390 633 3476 ad
663 3389 953 3500 intelligentiam
984 3389 1184 3478 machinae
1200 3389 1441 3502 eonporatio-

102 3521 157 3616 ιιί
191 3525 461 3614 mensurandae
489 3519 720 3616 infendentis
749 3519 898 3634 medo,
927 3545 1043 3725 qmte
1066 3517 1452 3686 supeaflutamcenseo

112 3655 231 3775 plum
261 3653 412 3743 adden.
