4475 5900
786 490 879 575 414
958 456 968 469 ’
1049 430 1346 549 METHODV
1343 440 1379 539 S
1397 428 1777 566 'ORBERVANDI

781 690 887 776 chius
916 687 1069 800 quidem
1099 685 1148 771 ad
1179 682 1255 769 hoc
1287 682 1365 766 duo
1398 678 1455 765 sua
1485 682 1755 766 micromentra
1785 674 1955 787 duosque
1982 666 2103 759 obs-,r-

782 823 931 902 uritores
980 816 1168 927 requirit,
1216 836 1380 921 quorum
1428 810 1522 893 alter
1571 808 1838 921 distantiama
1869 800 1908 889 se'
1939 806 2106 887 inuicem

782 970 974 1029 comuum
1023 940 1213 1054 phaseos,
1260 940 1353 1025 alter
1384 936 1515 1049 phafin
1546 934 1756 1046 eclipseos,
1803 930 1862 1019 seu
1892 934 2105 1018 distantiam

787 1076 1001 1158 maximam
1034 1071 1245 1154 limbdrum
1284 1065 1372 1151 disci
1419 1066 1641 1149 obscurantis
1690 1064 1853 1173 discique
1902 1058 2106 1171 eclipsantis

784 1203 922 1286 eodem
957 1218 1164 1309 momento
1195 1195 1383 1306 temporis
1412 1192 1605 1301 obseruue
1634 1192 1777 1277 debet:
1809 1186 1885 1275 Sed
1917 1190 2011 1299 quia
2043 1190 2106 1271 ob·

782 1329 987 1414 seruatores
1016 1352 1097 1412 non
1129 1326 1264 1411 eadem
1296 1324 1522 1409 dexteritate
1554 1346 1635 1407 rem
1663 1318 1897 1429 expediendi
1923 1319 2101 1428 pollent,

785 1458 1001 1566 punctaque
1040 1454 1267 1538 obseruanda
1298 1452 1372 1533 alia
1421 1449 1557 1534 facilius
1615 1446 1805 1533 difficilius
1843 1445 1913 1529 alia
1962 1438 2038 1557 per
2075 1446 2103 1527 se

786 1582 971 1666 obscmari
998 1581 1182 1731 possunt,
1213 1580 1302 1663 inde
1334 1576 1412 1679 fit,
1445 1597 1491 1660 ut
1521 1579 1614 1661 dum
1645 1601 1743 1660 unus
1771 1600 1904 1658 comm
1940 1574 2105 1658 cochleas

786 1710 1029 1795 micrometri
1060 1709 1108 1793 ad
1143 1707 1283 1818 puncta
1316 1700 1375 1787 sua
1408 1707 1531 1815 probe
1562 1706 1730 1811 direxit,
1760 1706 1853 1787 alter
1882 1704 2017 1813 dirigit
2049 1702 2102 1787 ad

785 1836 891 1948 huc,
923 1859 962 1923 et
993 1839 1021 1923 fi
1052 1837 1146 1921 alter
1180 1837 1274 1920 bene
1306 1835 1494 1918 direxerit
1503 1834 1650 1960 ,prior
1679 1835 1813 1915 iterum
1849 1828 2016 1942 dirigere
2046 1831 2102 1913 de

784 1966 880 2068 bet,
914 1986 955 2050 et
987 1967 1036 2051 lic
1063 1988 1220 2111 porr03
1256 1962 1395 2075 puncta
1426 1967 1533 2047 enim
1565 1950 1659 2069 illa,
1692 1985 1854 2071 quorum
1896 1960 2101 2044 distantiam

785 2092 1030 2198 mensurant,
1062 2096 1101 2174 111
1134 2092 1213 2175 istu
1246 2092 1348 2174 oculi
1379 2090 1492 2173 elocis
1523 2088 1572 2169 s
1538 2114 1592 2171 us
1622 2108 1767 2173 exeunt
1786 2088 2021 2199 ,statimque
2044 2090 2098 2173 ali·

782 2237 845 2302 ter
875 2239 954 2303 tam
986 2223 1085 2303 inter
1116 2218 1153 2299 se
1171 2284 1183 2324 ,
1202 2242 1328 2326 quam
1364 2213 1537 2327 respectu
1586 2209 1828 2301 cochleirum
1877 2238 2097 2327 ponuntur:

783 2346 880 2431 adeo
911 2367 956 2431 vt
989 2348 1163 2431 maxime
1194 2342 1349 2428 difficile
1380 2343 1456 2450 srt,
1481 2343 1624 2427 'multas
1654 2344 1717 2427 vel
1750 2364 1938 2429 accuratas
1969 2348 2009 2429 id
2045 2370 2099 2458 gt·

784 2499 855 2559 uus
888 2476 1168 2582 obseruationes
1198 2497 1276 2584 ope
1308 2470 1544 2557 micronretri
1582 2466 1691 2557 huius
1739 2474 1947 2581 obtinere,
2002 2498 2100 2585 prae·

784 2604 912 2687 sertirn
944 2622 1073 2688 autem
1106 2605 1146 2684 in
1179 2600 1568 2713 peregrinationibus,
1600 2600 1666 2683 ubi
1706 2626 1776 2686 nec
1807 2606 1888 2687 duo
1940 2600 2103 2687 obsenu·
2203 2596 2204 2655 3

783 2747 889 2812 tores
918 2729 1017 2813 bene
1056 2729 1287 2840 exercitati,
1339 2751 1407 2812 nec
1439 2729 1542 2812 locus
1575 2728 1625 2814 ad
1654 2728 1927 2815 obscurationes
1959 2756 1981 2814 a
2015 2732 2105 2817 duo·
2203 2826 2204 2833 Ν

782 2855 852 2940 bus
881 2854 1173 2943 obseruatoribus
1204 2794 1439 2941 instituendas
1469 2854 1698 2940 commodus
1717 2855 1820 2941 facile
1837 2859 1961 2943 adesse
1978 2861 2102 2973 potest.
2203 2898 2204 2933 1

786 2985 863 3072 Α11’
882 2985 980 3073 Hirii
1012 2987 1291 3072 micrometron
1325 2961 1629 3097 metlrodumque
1661 2985 1734 3098 pel
1764 2987 1853 3071 illud
1891 2987 2102 3074 obsenrandi

784 3115 980 3202 aRostio
1009 3116 1232 3226 descriptam
1263 3114 1363 3226 quod
1411 3115 1577 3222 attinet,
1627 3114 1665 3198 in
1698 3115 1759 3198 illa
1791 3116 1922 3200 unicus
1955 3124 2100 3263 quidem

784 3242 1000 3325 obseruator
1028 3245 1075 3326 ad
1109 3243 1406 3326 obseruationem
1456 3243 1554 3326 hanc
1594 3243 1857 3329 instituendam
1890 3248 2103 3356 requiritur,

783 3367 846 3450 sed
879 3371 940 3451 cui
972 3371 1089 3453 multa
1111 3396 1280 3482 ,eaque
1301 3373 1475 3454 maxime
1508 3369 1679 3457 difficilia·
1706 3377 1862 3483 negotia
1894 3375 2010 3458 fimul
2041 3400 2105 3458 ex-

729 3579 732 3582 ,
787 3495 971 3612 pedienda
1003 3495 1112 3584 sunt:
1144 3498 1257 3582 debet
1286 3500 1391 3581 enirn
1425 3499 1456 3582 is
1475 3501 1714 3609 ,dirigendo
1761 3502 1934 3612 repetitis
1966 3503 2107 3586 vienus

784 3626 968 3738 capillum
1000 3603 1166 3736 aliquem
1199 3629 1435 3711 micrometri
1468 3629 1712 3712 immobilem
1745 3632 1788 3713 ad
1823 3629 1986 3714 limbum
2022 3633 2106 3715 alte·

786 3755 923 3836 rutrius
971 3753 1055 3838 disci
1090 3756 1131 3838 in
1164 3756 1230 3840 suu
1261 3755 1408 3867 capilli·
1424 3755 1470 3839 ad
1501 3781 1644 3840 cornua
1688 3756 1845 3869 phaseos
1896 3759 2105 3869 parallelo,

786 3878 940 3964 sollicite
972 3881 1167 3968 obseruare
1198 3884 1391 3994 temporis
1430 3905 1711 3993 momentum,
1759 3886 1910 3995 quando
1959 3889 2108 3971 alterius

785 4009 874 4091 disci
908 4009 1042 4093 limbus
1071 4011 1229 4124 alterum
1263 4011 1443 4122 capillum
1478 4013 1722 4098 immobilem
1756 4013 1878 4124 fimul
1895 4015 1987 4100 cu'm
2009 4023 2109 4128 prio·

785 4137 826 4250 ri,
850 4137 1025 4246 stringit,
1056 4143 1272 4251 eodemque
1302 4155 1540 4249 momento,
1574 4167 1653 4252 quo
1683 4141 1760 4236 hoc
1799 4144 1986 4260 accidit,
2019 4144 2112 4228 diri·

784 4283 876 4367 gere
908 4286 1058 4351 tenetur
1089 4271 1270 4380 capillum
1303 4267 1542 4355 micrometri
1574 4269 1760 4355 mobilem
1779 4269 1825 4353 ad
1854 4269 2000 4355 cornua
2020 4272 2115 4384 pha-

783 4385 892 4497 seos,
923 4410 967 4472 vt
997 4399 1131 4518 eadem
1165 4397 1277 4482 simul
1308 4422 1399 4484 cum
1433 4399 1619 4510 prioribus
1633 4397 1786 4485 exacte
1816 4399 2046 4513 contingat:
2073 4401 2112 4484 id

2007 4528 2113 4644 quon
