4475 5900
625 437 996 545 odientem
1287 445 1291 452 ’
1405 484 1500 570 aaa

161 679 224 774 sm
252 674 444 792 naturali,
484 677 629 794 partim
656 683 708 768 ab
736 683 819 772 aliis
846 683 1062 773 aunoubus
1092 682 1291 800 descripta.
1355 694 1499 784 Omni.

159 837 229 902 ttm
260 812 399 898 horum
431 811 588 900 effatur
616 837 711 897 uero
735 840 817 900 non
845 817 974 900 maior
1004 815 1090 925 est,
1139 841 1255 929 quam
1306 839 1353 907 ut
1402 824 1500 909 ima.

157 943 319 1053 guntulo
350 942 538 1057 quaedam
569 943 694 1026 leuior
725 967 777 1026 eo
823 946 863 1028 in
913 963 1068 1030 motum
1119 947 1301 1034 concituri
1352 952 1500 1064 poffit3

155 1071 335 1184 adeoque
362 1071 418 1158 ad
443 1067 559 1159 usum
597 1069 871 1161 mechanicum
909 1071 1058 1162 nudum
1107 1078 1369 1192 commodum
1414 1081 1505 1169 inde

161 1198 335 1289 resultat.

308 1460 337 1562 §
371 1479 415 1546 2.
445 1455 555 1552 Cum
583 1461 720 1550 nostris
749 1463 995 1577 temporibus
1025 1465 1075 1548 de
1106 1463 1282 1554 uiolenta
1325 1468 1536 1556 metallo·⁴

159 1613 249 1677 mm
267 1584 491 1678 dilatatione
523 1605 565 1676 et
592 1593 860 1679 contrudione
890 1619 960 1706 per
992 1593 1163 1677 calorem
1197 1618 1239 1678 et
1274 1598 1387 1707 liigus
1418 1600 1505 1709 plu

158 1719 261 1804 rima
290 1721 565 1834 experimenta
601 1723 874 1828 innotuerint,
910 1722 1129 1805 admodum
1183 1721 1292 1806 farcile
1339 1743 1420 1838 erat
1465 1728 1513 1810 in

154 1849 448 1958 cogitationem
482 1845 651 1936 incidere
680 1851 733 1934 de
760 1847 982 1948 adhibendo
1013 1847 1083 1933 tali
1111 1847 1272 1934 subsidio
1321 1853 1370 1936 ad
1416 1875 1508 1962 per·

154 1993 319 2086 peturun
350 1977 501 2063 mobile
531 1976 698 2060 naturale
729 1976 977 2086 praestantius
1003 1975 1317 2061 construendum.
1395 1974 1501 2066 Cum

153 2109 271 2188 enim
299 2102 397 2189 haec
426 2108 487 2189 uis
517 2103 764 2211 exponlionis
797 2121 843 2188 et
884 2101 1162 2188 eounadionis
1206 2099 1289 2188 fere
1323 2105 1502 2218 infinita,

154 2228 292 2318 bultem
323 2234 366 2319 ui
395 2230 634 2320 cohaeliouis
664 2232 834 2347 partium
860 2231 1038 2343 eorporis
1066 2231 1198 2316 maior
1234 2231 1312 2340 fit,
1346 2233 1499 2320 nullum

151 2381 242 2446 erat
270 2363 480 2472 dubium,
529 2359 804 2449 machinarer
838 2361 885 2444 in
929 2377 1092 2444 motum
1139 2361 1327 2444 ¹concitari
1375 2363 1496 2474 polle.

152 2487 230 2574 Ast
257 2513 368 2601 ,opus
401 2490 526 2603 ipsum
553 2491 724 2601 exequi,
753 2486 822 2574 uel
853 2487 939 2574 uim
970 2485 1122 2572 hancce
1157 2484 1233 2570 rite
1273 2487 1468 2602 adplicare
1481 2549 1508 2598 ‚

153 2638 202 2706 rt
261 2639 396 2705 motus
421 2619 537 2704 omni
568 2635 780 2704 momento
816 2633 1025 2729 perpetuus
1049 2634 1095 2702 et
1132 2613 1337 2702 unllor'mis
1369 2621 1464 2704 -eliet
1480 2677 1508 2730 ,

153 2746 374 2834 maioribus
413 2747 699 2836 difficultatibus
725 2746 981 2861 premebatur.
1044 2745 1184 2831 Primo
1216 2745 1329 2830 enim
1366 2747 1501 2834 decre-

149 2873 344 2965 mentum
370 2894 414 2960 et
443 2879 730 2962 incrementum
755 2875 899 2961 eoloris
925 2875 971 2960 in
996 2872 1236 2961 erallror'ibus
1268 2876 1386 2985 uirgis
1410 2901 1503 2962 me·

152 3005 297 3091 tellicio
311 3028 392 3090 non
422 3004 480 3091 est
508 3021 594 3089 tam
622 3000 887 3109 subitaneum,
912 3026 1037 3113 quum
1064 3003 1111 3084 in
1136 3022 1253 3110 aere,
1276 3004 1418 3087 deinde
1431 3028 1504 3087 ue·

154 3158 236 3245 que
267 3132 439 3217 dilatatio
467 3152 509 3215 et
539 3128 762 3215 eonnadtio
788 3128 936 3215 metalli
971 3148 1060 3216 :tam
1105 3125 1284 3213 lenlibilis
1324 3129 1385 3215 ell
1430 3151 1510 3243 per

150 3259 342 3347 eamdem
381 3256 590 3345 minimam
619 3259 760 3342 eoloris
786 3258 1075 3362 variationem,
1103 3279 1220 3366 quam
1234 3278 1284 3339 ea
1307 3320 1321 3363 ‚
1346 3258 1506 3368 quaein

148 3416 246 3479 aere
273 3383 499 3475 obseruatur.
567 3382 748 3499 Denique
775 3408 910 3469 motus
935 3383 1268 3470 conmunionis-et
1305 3386 1505 3471 dilatatio·

153 3522 247 3631 nis,
291 3535 429 3630 utpote
459 3512 531 3603 subi
561 3517 728 3600 inuicem
754 3512 969 3620 eunomii,
1002 3514 1193 3598 maximo
1227 3532 1340 3596 :erant
1373 3514 1502 3599 obsta.

154 3649 283 3753 culo,
322 3672 401 3758 quo
429 3645 557 3729 minus
582 3642 765 3731 machina
791 3642 979 3753 :quaedam
1004 3664 1045 3725 e.
1073 3665 1118 3751 g.
1158 3640 1409 3749 horologium
1458 3646 1503 3726 r‘n
1543 3718 1558 3751 ,

153 3796 275 3863 motu
307 3774 492 3861 uniformi
523 3770 659 3857 senuari
687 3768 846 3883 pollet,
873 3768 947 3855 misr
977 3768 1201 3856 alterutram
1230 3766 1369 3852 bunun
1402 3769 1502 3853 uiri·
1532 3856 1534 3863 s

154 3931 226 3992 um
260 3905 449 3991 inutiliter
478 3900 636 4013 perdere
669 3898 848 3987 uelimus.
915 3894 1071 4010 Insuper
1104 3898 1374 3982 meditandum
1410 3912 1499 3983 erat

158 4035 208 4121 de
238 4056 351 4117 nouo
379 4030 551 4146 quodam
577 4029 778 4137 artificio,
803 4051 892 4141 quo
916 4024 1023 4112 effici
1059 4044 1244 4137 poterat„
1281 4050 1336 4107 ue
1376 4022 1499 4113 horo-

154 4162 313 4277 logium
352 4166 416 4249 liro
447 4158 604 4247 odilone
628 4157 840 4244 alterutrius
869 4154 932 4243 uis
963 4158 1148 4239 inmoto
1180 4152 1244 4239 suo
1288 4154 1501 4263 impedire·
1538 4170 1541 4177 '

150 4310 256 4402 tur,
292 4288 623 4403 quemadmodum
655 4286 694 4371 iu
726 4285 909 4371 omnibus
934 4280 1182 4394 horologiis,
1213 4300 1382 4393 excepto
1418 4282 1496 4368 'hu-

146 4424 358 4538 gtniaoo,
396 4437 435 4509 et
482 4417 772 4509 lotnnamiano
819 4410 967 4528 fir',n
1016 4412 1084 4498 uel
1128 4412 1246 4498 elarer
1293 4412 1499 4627 ἰητεηόῑπέ

591 4590 598 4598 =
1427 4559 1459 4621 u
