4475 5900
805 491 930 614 (7)

324 733 531 846 „inuenire
567 728 801 878 triangulum
841 731 1154 866 redangnlum
1141 761 1182 819 tn
1214 739 1385 823 numeris
1415 739 1534 827 ratio·

208 861 375 973 „nalibus
414 861 673 975 expressum,
708 863 813 947 cuius
861 883 1021 974 vterque
1069 865 1243 952 cathetus
1283 894 1370 952 area
1417 869 1534 982 ipsius

208 995 405 1102 „trianguli
438 995 606 1078 minutus
638 993 824 1101 producat
855 1016 1062 1075 numerum
1083 997 1340 1104 quadratum.

325 1120 533 1230 Postquam
565 1121 680 1229 igitur
720 1115 807 1204 Cel.
840 1121 993 1204 Auctor
1034 1129 1364 1233 praeparationem
1395 1127 1444 1212 ad
1475 1129 1536 1211 so·

207 1248 397 1334 lutionem
448 1243 743 1364 praemifilset,
793 1267 867 1332 tres
902 1248 1013 1333 huius
1048 1251 1298 1359 problematis
1335 1255 1538 1338 solutiones

205 1377 479 1486 particulares,
513 1377 678 1484 ceteris,
712 1403 809 1490 quas
833 1377 975 1460 elicere
1008 1379 1221 1490 potuilset,
1255 1382 1427 1490 omilin,
1461 1407 1534 1464 ex-

205 1503 313 1587 hibet
331 1488 561 1616 ,sanulque
600 1505 710 1592 viam
744 1507 964 1613 monstrat,
1006 1511 1213 1618 quomodo
1245 1515 1298 1592 eir
1330 1533 1530 1634 praepara-

204 1633 323 1719 tione
342 1633 391 1718 ad
419 1615 624 1719 solutiones
653 1633 762 1747 supra
794 1637 949 1721 traditas
980 1636 1116 1720 lolutio
1147 1637 1335 1748 quaedam
1376 1663 1535 1746 genera·

203 1759 252 1844 lis
280 1779 321 1846 et
353 1762 575 1870 concinna,
616 1785 734 1874 quam
772 1760 815 1848 iu
847 1760 933 1867 dili.
967 1760 1045 1876 ipsa
1076 1763 1230 1851 vberius
1265 1764 1537 1878 exemplisil-

202 1889 362 2005 lustrat,
394 1891 555 1978 daduua
587 1883 645 1976 stt.

317 2199 362 2278 e.
387 2201 430 2280 u.
457 2201 498 2278 a
522 2197 764 2283 uiuamus
795 2197 860 2280 oe
888 2197 1100 2284 uvuusrs
1134 2178 1408 2287 manens.

205 2387 442 2585 Tametsi
461 2369 524 2482 'in
556 2393 857 2488 Commentariis
894 2398 1139 2488 Academicis
1168 2425 1251 2484 non
1280 2425 1365 2484 vno
1395 2398 1535 2494 inlo-

337 2553 388 2610 co
427 2529 477 2612 de
517 2531 686 2618 numetis
725 2524 904 2640 persediis
943 2527 1075 2613 aetum
1109 2529 1190 2634 fit,
1228 2530 1285 2612 ita
1324 2544 1370 2609 vt
1409 2542 1534 2612 mate·

132 2753 138 2765 .
201 2651 301 2736 riam
345 2653 450 2741 hanc
495 2657 625 2743 denuo
672 2658 714 2742 in
754 2656 933 2744 medium
976 2658 1219 2770 producere,
1260 2655 1368 2739 idem
1408 2652 1535 2737 videri

202 2779 387 2889 potuisset
424 2809 471 2869 ac
511 2786 645 2870 adium
685 2810 798 2896 agere
834 2782 974 2892 velle,
1013 2785 1196 2896 quoniam
1224 2802 1358 2869 nmen
1375 2781 1454 2866 viri
1471 2780 1533 2866 lll.

201 2903 333 3024 Miclt.
373 2907 489 3001 Gott.
530 2912 690 3001 Hansclr
731 2909 772 2997 S.
809 2905 913 2995 Cael
957 2929 998 2995 et
1029 2907 1148 2997 Catlt.
1183 2911 1394 2998 Maiestatis
1425 2905 1535 2993 Con·

198 3031 330 3119 filiarii
362 3034 537 3115 Theotia
567 3040 829 3115 Arithmetica
860 3041 971 3113 nouis
1003 3066 1026 3113 a
1058 3040 1094 3115 se
1126 3043 1286 3122 inuentis
1315 3039 1429 3123 auditi
1448 3040 1528 3120 AO.

204 3180 290 3266 173
297 3188 341 3266 9.
385 3154 471 3243 Cal.
513 3152 625 3272 Sept.
674 3156 930 3239 Vindebona'e·
963 3156 1012 3240 ad
1050 3156 1352 3243 Mathematicus
1391 3185 1531 3245 omnes
1665 3176 1667 3178 ’

200 3292 289 3377 data
323 3286 501 3401 Epistola
519 3355 538 3406 ,Ι
572 3312 656 3371 non
693 3284 818 3369 solum
856 3277 997 3367 affertis
1037 3286 1075 3368 in
1118 3281 1426 3370 Commentariis
1457 3314 1527 3371 no

199 3420 290 3505 stris
314 3436 449 3532 aperte
488 3414 795 3519 contradiceret,
842 3411 907 3495 sed
952 3430 993 3495 et
1023 3412 1206 3525 ipsrffima
1244 3414 1400 3525 epistola
1439 3418 1529 3525 post

198 3544 365 3633 nouem
389 3568 510 3634 annos
539 3543 675 3631 Mense
715 3538 825 3652 Sept.
862 3554 1000 3647 1748·
1042 3567 1134 3625 cum
1174 3542 1450 3650 Academicis,
1482 3564 1530 3629 vt

198 3678 384 3763 iudicium
417 3676 466 3761 de
496 3700 543 3759 ea
572 3672 746 3779 ferrent,
786 3670 1074 3755 communicata
1105 3665 1232 3776 edet,
1265 3670 1411 3755 idcirco
1458 3697 1521 3758 au·

200 3806 291 3893 dior
320 3805 456 3891 harirm
489 3802 755 3889 recensionem
795 3796 889 3883 iulsn
919 3800 1156 3883 Academiae
1198 3800 1240 3881 in
1270 3796 1371 3881 hanc
1403 3819 1525 3883 mate-

132 3976 134 3984 ’
198 3937 299 4023 riarn
338 3936 425 4021 data
466 3957 586 4046 opera
625 3929 848 4043 inquirens,
886 3927 1176 4039 deprehendere
1208 3927 1277 4011 fibi
1309 3930 1407 4013 visus
1438 3930 1526 4035 est,

197 4084 326 4151 totam
365 4063 473 4149 hanc
512 4058 850 4161 discretionem,
889 4083 1008 4170 qnam
1043 4052 1130 4141 Cel.
1165 4057 1319 4142 Audtor
1350 4056 1526 4170 specimi-

199 4194 261 4275 nis
291 4190 383 4277 loco
413 4190 652 4299 emulgauit',
683 4208 731 4272 ut
772 4186 920 4272 constet
959 4200 1055 4297 quae
1097 4191 1196 4271 circa
1235 4189 1390 4292 genesin
1436 4213 1528 4271 ana·

198 4316 300 4427 lyfin
337 4340 416 4407 etc.
456 4321 663 4408 tentanerit
703 4336 744 4402 et
784 4338 971 4430 quaenam
1028 4304 1286 4414 numerorum
1346 4316 1524 4426 detegere

1448 4594 1519 4654 Vd-
