4475 5900
477 484 681 587 U'erll
709 470 1067 590 eremitas
1127 620 1130 629 ἱ
1367 510 1454 605 493

244 706 339 829 '5a.
372 744 451 829 49.
482 710 631 829 Tycha
661 738 765 809 totus
785 722 972 835 emergit.
1038 728 1059 775 ³·

482 850 591 937 otto
619 854 770 937 circiter
821 852 987 937 minutis'
1011 866 1102 937 ante
1150 845 1274 935 finem
1322 850 1460 939 vmbra

487 982 593 1067 male
624 980 821 1065 terminari
854 980 1003 1092 incipit.

147 1128 217 1213 93.
273 1130 345 1210 14.
381 1134 457 1214 49.
492 1110 596 1194 Finis
622 1109 772 1219 eclipfis
798 1104 946 1191 dubius.

273 1258 345 1341 15.
368 1231 453 1342 99.
487 1238 591 1323 Finis
619 1238 760 1321 certior
796 1236 1006 1350 iudicatus3
1042 1235 1147 1350 quod
1178 1234 1342 1349 proinde
1372 1258 1463 1322 mo·
1645 1216 1654 1225 ’

486 1383 665 1450 mentum
698 1388 774 1475 pro
803 1361 883 1447 fine
913 1388 1033 1476 pono,
1071 1367 1075 1376 '

275 1510 344 1594 15.
381 1514 456 1598 50.
489 1492 595 1579 Finis
620 1510 725 1575 certe
743 1468 871 1575 'sasius
900 1494 972 1575 est.

279 1637 323 1718 3.
353 1616 570 1707 Secundum
625 1619 856 1705 methodum
908 1607 1159 1731 posteriorem
1209 1645 1279 1729 per
1329 1618 1475 1725 tubum

139 1747 364 1865 tripedalem
411 1749 610 1834 machinae
649 1746 940 1856 pamllasticae‚
980 1749 1045 1856 qui
1082 1748 1263 1855 umbram
1314 1744 1465 1857 optime

141 1879 383 1961 terminatam
422 1874 724 1989 represtntabat,
757 1874 881 1959 modo
910 1872 1092 1959 constreto
1120 1872 1287 1985 appulstn
1324 1876 1468 1963 limbo·

142 2029 226 2088 rum
258 2002 421 2113 Lunae,
452 2001 753 2117 precedentiaet
790 2002 1003 2114 sequentis,
1024 2028 1114 2117 3nec
1151 2026 1231 2086 non
1270 2002 1468 2116 cuspidum

142 2130 263 2245 phasis
292 2135 468 2246 curaque
498 2134 545 2217 ad
577 2130 690 2215 filum
729 2131 872 2213 reticuli
904 2131 1102 2215 horarium
1145 2131 1310 2237 notaui,
1350 2132 1469 2213 inter-

141 2284 185 2345 ea
214 2261 307 2346 dum
323 2260 464 2347 limbus
481 2258 612 2345 Lunae
643 2254 706 2341 tel
737 2253 908 2365 superior
940 2258 1007 2340 vel
1038 2256 1197 2341 inferior
1211 2257 1467 2344 direiiionem

144 2384 199 2471 fili
240 2387 367 2472 diurni
407 2390 655 2498 sequebatur3
695 2380 891 2491 appulsum
932 2399 1062 2464 autem
1100 2384 1337 2492 peripheriae
1376 2409 1467 2469 vm·

142 2514 234 2600 brae
264 2513 312 2597 ad
343 2510 453 2599 filum
485 2510 680 2596 horarium
712 2508 907 2597 attendere
945 2507 1118 2593 conditio
1157 2509 1354 2619 pontionis
1391 2512 1471 2598 eius

142 2640 315 2754 respectu
333 2638 482 2726 illinon
514 2636 696 2752 permifit.
750 2626 858 2721 lianc
875 2640 929 2723 ob
958 2636 1104 2722 causam
1137 2636 1187 2748 ad
1217 2636 1468 2723 9991191110-
1529 2688 1534 2705 ·

142 2794 236 2855 nem
251 2768 439 2881 phalinm
471 2769 544 2855 9119
576 2767 770 2851 elementa
798 2767 839 2850 in
870 2764 1070 2853 subsidium
1109 2781 1220 2895 crant
1261 2768 1468 2881 vocanda,

137 2920 236 3012 quae
268 2920 321 2983 ex
349 2901 485 2986 ordine
515 2894 760 2983 enumerabo.
848 2902 852 2911 ’
1027 2936 1032 2949 ·
1242 3003 1245 3010 Ι
1465 2977 1469 2984 .

280 3055 328 3132 4.
362 3027 438 3113 Ex
476 3025 801 3112 obseruationibus
836 3023 998 3136 copiofis
1039 3023 1275 3133 deprehendi
1308 3051 1465 3112 moram
1549 3121 1563 3146 χ

146 3137 319 3240 tranfitut¹
351 3153 439 3241 disci
487 3155 618 3242 luatis
647 3151 878 3266 perillum
925 3151 1113 3238 horarium
1165 3179 1220 3237 ε
1239 3146 1285 3234 91
1288 3214 1299 3236 .
1337 3151 1470 3258 94113

144 3285 333 3396 temporis
361 3282 516 3393 1919119,
553 3306 650 3397 quae
689 3305 770 3395 ope
812 3280 891 3366 diei
929 3278 1064 3365 lunaris
1105 3282 1147 3363 in
1184 3301 1307 3390 partes
1345 3277 1470 3375 diunt

142 3412 322 3496 conuerd
352 3412 510 3528 exhibet
548 3414 779 3496 diametrum
830 3408 940 3492 lunae
988 3410 1028 3492 in
1075 3408 1258 3496 eiusmodi
1306 3410 1471 3520 partibus

145 3565 208 3624 τ’.
227 3533 321 3645 341.
355 3538 453 3645 4911
459 3606 469 3625 .
498 3540 631 3652 quibus
677 3561 754 3648 pto
779 3535 1029 3622 declinatione
1053 3533 1184 3619 Lunae
1210 3538 1282 3622 uisa
1314 3536 1471 3648 respon-

141 3671 238 3755 dent
270 3661 366 3778 331.
400 3665 509 3768 3911.
549 3671 591 3752 in
636 3665 807 3781 putribus
851 3664 977 3786 circuli
1009 3663 1197 3748 maximi.
1265 3662 1469 3756 Diameter

141 3796 241 3882 hacc
274 3795 403 3883 referri
434 3795 549 3881 debet
577 3795 625 3881 ad
655 3792 896 3879 altitudinem
941 3817 1015 3895 93.
1056 3794 1241 3902 graduum
1289 3792 1468 3910 circiter,

140 3949 264 4038 quam
295 3951 366 4036 per
396 3941 519 4010 totam
559 3922 713 4034 eclipsin
761 3919 994 4005 constantem
1035 3919 1214 4004 assumam
1248 3937 1289 4004 et
1329 3919 1469 4011 diane.

140 4068 243 4138 trraa
272 4053 483 4139 altitudinis
496 4044 501 4051 ’
515 4051 679 4138 vocabo.
743 4047 829 4133 Erit
860 4071 954 4158 ergo
990 4047 1174 4134 diameter
1205 4045 1336 4135 Lunae
1365 4047 1498 4140 hori-¹

139 4171 304 4266 zontalis
336 4209 391 4265 z
413 4173 507 4286 331.
545 4173 654 4261 9611.
690 4179 856 4287 partium
888 4177 1019 4260 circuli
1051 4179 1244 4280 maximi,
1272 4193 1312 4262 et
1343 4184 1467 4291 paml-

139 4309 241 4394 laxit
256 4307 511 4394 horizontalea
535 4303 763 4418 respondens
787 4331 846 4388 ..·-·.
861 4293 958 4385 60‘.
997 4296 1107 4408 5911.
1157 4303 1276 4416 polita
1321 4311 1468 4397 ratione

26 4430 27 4437 ‘
150 4438 254 4526 inter
284 4434 538 4525 horizontalee
565 4435 796 4524 diametrum
825 4451 866 4518 et
888 4429 1103 4544 'parallaxin
1132 4457 1191 4517 t:
1208 4439 1269 4523 6:
1304 4459 1377 4522 ιι.

715 4558 922 4655 11999
1347 4583 1391 4670 ς.
1427 4560 1470 4656 Si
