<?xml version="1.0" encoding="UTF-8"?>
<!DOCTYPE html PUBLIC "-//W3C//DTD XHTML 1.0 Transitional//EN"
    "http://www.w3.org/TR/xhtml1/DTD/xhtml1-transitional.dtd">
<html xmlns="http://www.w3.org/1999/xhtml" xml:lang="en" lang="en">
 <head>
  <title>
</title>
<meta http-equiv="Content-Type" content="text/html;charset=utf-8" />
  <meta name='ocr-system' content='tesseract 3.04.00' />
  <meta name='ocr-capabilities' content='ocr_page ocr_carea ocr_par ocr_line ocrx_word'/>
</head>
<body>
  <div class='ocr_page' id='page_1' title='image "./novicommentarii12sssrgoog/novicommentarii12sssrgoog_0106.png"; bbox 0 0 4475 5900; ppageno 0'>
   <div class='ocr_carea' id='block_1_1' title="bbox 752 320 1794 471">
    <p class='ocr_par' dir='ltr' id='par_1_1' title="bbox 752 320 1794 471">
     <span class='ocr_line' id='line_1_1' title="bbox 752 320 1794 471; baseline -0.017 -21"><span class='ocrx_word' id='word_1_1' title='bbox 752 378 820 471; x_wconf 79' lang='lat'><strong>70</strong></span> <span class='ocrx_word' id='word_1_2' title='bbox 1042 342 1133 445; x_wconf 79' lang='lat' dir='ltr'><strong>Du</strong></span> <span class='ocrx_word' id='word_1_3' title='bbox 1163 334 1436 441; x_wconf 70' lang='lat' dir='ltr'><strong>urticam</strong></span> <span class='ocrx_word' id='word_1_4' title='bbox 1464 320 1794 439; x_wconf 72' lang='lat' dir='ltr'><strong>autumna</strong></span> 
     </span>
    </p>
   </div>
   <div class='ocr_carea' id='block_1_2' title="bbox 749 574 2201 3408">
    <p class='ocr_par' dir='ltr' id='par_1_2' title="bbox 749 574 2201 3408">
     <span class='ocr_line' id='line_1_2' title="bbox 753 574 2087 692; baseline -0.008 -15"><span class='ocrx_word' id='word_1_5' title='bbox 753 586 906 677; x_wconf 75' lang='lat' dir='ltr'><strong>diruere</strong></span> <span class='ocrx_word' id='word_1_6' title='bbox 953 578 1133 667; x_wconf 80' lang='lat' dir='ltr'><strong>ridentur</strong></span> <span class='ocrx_word' id='word_1_7' title='bbox 1178 598 1219 667; x_wconf 89' lang='lat' dir='ltr'><strong>et</strong></span> <span class='ocrx_word' id='word_1_8' title='bbox 1257 579 1308 666; x_wconf 84' lang='lat' dir='ltr'><strong>sic</strong></span> <span class='ocrx_word' id='word_1_9' title='bbox 1337 577 1499 692; x_wconf 84' lang='lat' dir='ltr'><strong>speciem</strong></span> <span class='ocrx_word' id='word_1_10' title='bbox 1546 577 1706 692; x_wconf 77' lang='lat' dir='ltr'><strong>pereat</strong></span> <span class='ocrx_word' id='word_1_11' title='bbox 1753 574 1995 689; x_wconf 82' lang='lat' dir='ltr'><strong>producere,</strong></span> <span class='ocrx_word' id='word_1_12' title='bbox 2023 579 2087 690; x_wconf 47' lang='lat' dir='ltr'><strong>ast,</strong></span> 
     </span>
     <span class='ocr_line' id='line_1_3' title="bbox 749 707 2078 830; baseline -0.01 -28"><span class='ocrx_word' id='word_1_13' title='bbox 749 715 939 830; x_wconf 87' lang='lat' dir='ltr'><strong>quoniam</strong></span> <span class='ocrx_word' id='word_1_14' title='bbox 970 708 1118 823; x_wconf 88' lang='lat' dir='ltr'><strong>iusuper</strong></span> <span class='ocrx_word' id='word_1_15' title='bbox 1148 710 1245 797; x_wconf 80' lang='lat' dir='ltr'><strong>alios</strong></span> <span class='ocrx_word' id='word_1_16' title='bbox 1275 711 1445 797; x_wconf 80' lang='lat' dir='ltr'><strong>admittit</strong></span> <span class='ocrx_word' id='word_1_17' title='bbox 1475 707 1652 807; x_wconf 77' lang='lat' dir='ltr'><strong>diuisores</strong></span> <span class='ocrx_word' id='word_1_18' title='bbox 1684 721 1800 809; x_wconf 64' lang='grc'>3-1-</span> <span class='ocrx_word' id='word_1_19' title='bbox 1820 726 1843 811; x_wconf 82' lang='grc' dir='ltr'><strong><em>ς</em></strong></span> <span class='ocrx_word' id='word_1_20' title='bbox 1867 722 1936 807; x_wconf 73' lang='lat' dir='ltr'><strong>-t-</strong></span> <span class='ocrx_word' id='word_1_21' title='bbox 1957 714 1990 790; x_wconf 86' lang='grc'><strong>6</strong></span> <span class='ocrx_word' id='word_1_22' title='bbox 2009 722 2078 803; x_wconf 79' lang='lat' dir='ltr'><strong>-t-</strong></span> 
     </span>
     <span class='ocr_line' id='line_1_4' title="bbox 761 836 2076 949; baseline -0.005 -22"><span class='ocrx_word' id='word_1_23' title='bbox 761 850 1489 943; x_wconf 71' lang='lat' dir='ltr'><strong>10÷12÷2o÷24÷4o</strong></span> <span class='ocrx_word' id='word_1_24' title='bbox 1522 839 1587 949; x_wconf 89' lang='lat' dir='ltr'><strong>qui</strong></span> <span class='ocrx_word' id='word_1_25' title='bbox 1618 836 1743 948; x_wconf 90' lang='lat' dir='ltr'><strong>ipsum</strong></span> <span class='ocrx_word' id='word_1_26' title='bbox 1793 840 1934 946; x_wconf 88' lang='lat' dir='ltr'><strong>pariter</strong></span> <span class='ocrx_word' id='word_1_27' title='bbox 1971 837 2076 923; x_wconf 86' lang='lat' dir='ltr'><strong>resti·</strong></span> 
     </span>
     <span class='ocr_line' id='line_1_5' title="bbox 757 965 2076 1081; baseline -0.008 -20"><span class='ocrx_word' id='word_1_28' title='bbox 757 990 897 1081; x_wconf 86' lang='lat' dir='ltr'><strong>tuunt,</strong></span> <span class='ocrx_word' id='word_1_29' title='bbox 927 992 1018 1079; x_wconf 87' lang='lat' dir='ltr'><strong>ergo</strong></span> <span class='ocrx_word' id='word_1_30' title='bbox 1047 994 1127 1053; x_wconf 91' lang='lat' dir='ltr'><strong>non</strong></span> <span class='ocrx_word' id='word_1_31' title='bbox 1158 965 1330 1078; x_wconf 76' lang='lat' dir='ltr'><strong>persedis</strong></span> <span class='ocrx_word' id='word_1_32' title='bbox 1360 965 1421 1051; x_wconf 89' lang='lat' dir='ltr'><strong>sed</strong></span> <span class='ocrx_word' id='word_1_33' title='bbox 1451 966 1721 1051; x_wconf 80' lang='lat' dir='ltr'><strong>abundantibus</strong></span> <span class='ocrx_word' id='word_1_34' title='bbox 1735 965 1981 1051; x_wconf 69' lang='lat' dir='ltr'><strong>accenstndus</strong></span> <span class='ocrx_word' id='word_1_35' title='bbox 1995 970 2076 1053; x_wconf 86' lang='lat' dir='ltr'><strong>erit.</strong></span> 
     </span>
     <span class='ocr_line' id='line_1_6' title="bbox 872 1082 2082 1207; baseline -0.003 -22"><span class='ocrx_word' id='word_1_36' title='bbox 872 1094 1022 1185; x_wconf 82' lang='lat' dir='ltr'><strong>Scilicet</strong></span> <span class='ocrx_word' id='word_1_37' title='bbox 1053 1119 1239 1181; x_wconf 81' lang='lat' dir='ltr'><strong>numerus·</strong></span> <span class='ocrx_word' id='word_1_38' title='bbox 1277 1094 1426 1205; x_wconf 83' lang='lat' dir='ltr'><strong>semper</strong></span> <span class='ocrx_word' id='word_1_39' title='bbox 1455 1096 1530 1178; x_wconf 87' lang='lat' dir='ltr'><strong>erit</strong></span> <span class='ocrx_word' id='word_1_40' title='bbox 1561 1082 1789 1205; x_wconf 69' lang='lat' dir='ltr'><strong>abundans,</strong></span> <span class='ocrx_word' id='word_1_41' title='bbox 1830 1098 1981 1207; x_wconf 91' lang='lat' dir='ltr'><strong>quando</strong></span> <span class='ocrx_word' id='word_1_42' title='bbox 2014 1125 2082 1183; x_wconf 92' lang='lat' dir='ltr'><strong>nu·</strong></span> 
     </span>
     <span class='ocr_line' id='line_1_7' title="bbox 761 1221 2083 1337; baseline -0.006 -20"><span class='ocrx_word' id='word_1_43' title='bbox 761 1251 889 1317; x_wconf 84' lang='lat' dir='ltr'><strong>merus</strong></span> <span class='ocrx_word' id='word_1_44' title='bbox 919 1227 1076 1337; x_wconf 82' lang='lat' dir='ltr'><strong>impar,</strong></span> <span class='ocrx_word' id='word_1_45' title='bbox 1109 1222 1317 1337; x_wconf 65' lang='lat' dir='ltr'><strong>productor</strong></span> <span class='ocrx_word' id='word_1_46' title='bbox 1348 1224 1500 1307; x_wconf 89' lang='lat' dir='ltr'><strong>numeri</strong></span> <span class='ocrx_word' id='word_1_47' title='bbox 1530 1221 1718 1333; x_wconf 74' lang='lat' dir='ltr'><strong>perfecti,-</strong></span> <span class='ocrx_word' id='word_1_48' title='bbox 1752 1248 1833 1307; x_wconf 90' lang='lat' dir='ltr'><strong>uon</strong></span> <span class='ocrx_word' id='word_1_49' title='bbox 1863 1226 1917 1309; x_wconf 84' lang='lat' dir='ltr'><strong>esi</strong></span> <span class='ocrx_word' id='word_1_50' title='bbox 1940 1226 2083 1335; x_wconf 85' lang='lat' dir='ltr'><strong>primus</strong></span> 
     </span>
     <span class='ocr_line' id='line_1_8' title="bbox 760 1347 2086 1469; baseline -0.005 -24"><span class='ocrx_word' id='word_1_51' title='bbox 760 1355 820 1445; x_wconf 90' lang='lat' dir='ltr'><strong>sed</strong></span> <span class='ocrx_word' id='word_1_52' title='bbox 850 1352 1112 1467; x_wconf 80' lang='lat' dir='ltr'><strong>compositus,</strong></span> <span class='ocrx_word' id='word_1_53' title='bbox 1143 1370 1233 1435; x_wconf 87' lang='lat' dir='ltr'><strong>tunc</strong></span> <span class='ocrx_word' id='word_1_54' title='bbox 1264 1350 1371 1434; x_wconf 90' lang='lat' dir='ltr'><strong>euim</strong></span> <span class='ocrx_word' id='word_1_55' title='bbox 1399 1347 1459 1438; x_wconf 82' lang='lat' dir='ltr'><strong>ad</strong></span> <span class='ocrx_word' id='word_1_56' title='bbox 1483 1354 1671 1437; x_wconf 74' lang='lat' dir='ltr'><strong>ruminum</strong></span> <span class='ocrx_word' id='word_1_57' title='bbox 1699 1371 1845 1465; x_wconf 89' lang='lat' dir='ltr'><strong>praeter</strong></span> <span class='ocrx_word' id='word_1_58' title='bbox 1855 1372 1988 1469; x_wconf 84' lang='lat' dir='ltr'><strong>partes</strong></span> <span class='ocrx_word' id='word_1_59' title='bbox 2020 1354 2086 1439; x_wconf 88' lang='lat' dir='ltr'><strong>ali·</strong></span> 
     </span>
     <span class='ocr_line' id='line_1_9' title="bbox 760 1474 2085 1599; baseline -0.003 -30"><span class='ocrx_word' id='word_1_60' title='bbox 760 1503 896 1599; x_wconf 78' lang='lat' dir='ltr'><strong>quotus</strong></span> <span class='ocrx_word' id='word_1_61' title='bbox 925 1506 949 1565; x_wconf 86' lang='lat' dir='ltr'><strong>e</strong></span> <span class='ocrx_word' id='word_1_62' title='bbox 980 1476 1239 1591; x_wconf 73' lang='lat' dir='ltr'><strong>progressione</strong></span> <span class='ocrx_word' id='word_1_63' title='bbox 1271 1474 1433 1587; x_wconf 88' lang='lat' dir='ltr'><strong>dyadica</strong></span> <span class='ocrx_word' id='word_1_64' title='bbox 1463 1480 1664 1585; x_wconf 86' lang='lat' dir='ltr'><strong>oriundas,</strong></span> <span class='ocrx_word' id='word_1_65' title='bbox 1694 1499 1769 1564; x_wconf 88' lang='lat' dir='ltr'><strong>tot·</strong></span> <span class='ocrx_word' id='word_1_66' title='bbox 1783 1477 1906 1565; x_wconf 87' lang='lat' dir='ltr'><strong>adhuc</strong></span> <span class='ocrx_word' id='word_1_67' title='bbox 1955 1480 2085 1565; x_wconf 78' lang='lat' dir='ltr'><strong>alterat</strong></span> 
     </span>
     <span class='ocr_line' id='line_1_10' title="bbox 760 1600 2086 1724; baseline -0.002 -28"><span class='ocrx_word' id='word_1_68' title='bbox 760 1600 930 1696; x_wconf 77' lang='lat' dir='ltr'><strong>admittit</strong></span> <span class='ocrx_word' id='word_1_69' title='bbox 961 1628 1114 1724; x_wconf 85' lang='lat' dir='ltr'><strong>partes,</strong></span> <span class='ocrx_word' id='word_1_70' title='bbox 1148 1628 1243 1721; x_wconf 92' lang='lat' dir='ltr'><strong>quor</strong></span> <span class='ocrx_word' id='word_1_71' title='bbox 1272 1609 1484 1693; x_wconf 90' lang='lat' dir='ltr'><strong>indicantur</strong></span> <span class='ocrx_word' id='word_1_72' title='bbox 1514 1634 1584 1720; x_wconf 92' lang='lat' dir='ltr'><strong>per</strong></span> <span class='ocrx_word' id='word_1_73' title='bbox 1612 1608 1774 1719; x_wconf 89' lang='lat' dir='ltr'><strong>duplum</strong></span> <span class='ocrx_word' id='word_1_74' title='bbox 1814 1606 2009 1718; x_wconf 84' lang='lat' dir='ltr'><strong>potentiae</strong></span> <span class='ocrx_word' id='word_1_75' title='bbox 2034 1610 2086 1694; x_wconf 80' lang='lat' dir='ltr'><strong>bi-</strong></span> 
     </span>
     <span class='ocr_line' id='line_1_11' title="bbox 759 1735 2086 1851; baseline 0.003 -30"><span class='ocrx_word' id='word_1_76' title='bbox 759 1738 886 1845; x_wconf 88' lang='lat' dir='ltr'><strong>narii,</strong></span> <span class='ocrx_word' id='word_1_77' title='bbox 914 1736 965 1822; x_wconf 90' lang='lat' dir='ltr'><strong>ad</strong></span> <span class='ocrx_word' id='word_1_78' title='bbox 998 1742 1128 1851; x_wconf 76' lang='lat' dir='ltr'><strong>quam·</strong></span> <span class='ocrx_word' id='word_1_79' title='bbox 1147 1760 1330 1822; x_wconf 84' lang='lat' dir='ltr'><strong>numems</strong></span> <span class='ocrx_word' id='word_1_80' title='bbox 1361 1735 1424 1821; x_wconf 88' lang='lat' dir='ltr'><strong>hic</strong></span> <span class='ocrx_word' id='word_1_81' title='bbox 1442 1737 1691 1848; x_wconf 73' lang='lat' dir='ltr'><strong>‘compositus</strong></span> <span class='ocrx_word' id='word_1_82' title='bbox 1719 1737 1774 1823; x_wconf 86' lang='lat' dir='ltr'><strong>est</strong></span> <span class='ocrx_word' id='word_1_83' title='bbox 1803 1738 1982 1823; x_wconf 76' lang='lat' dir='ltr'><strong>eiettanta</strong></span> <span class='ocrx_word' id='word_1_84' title='bbox 2024 1736 2086 1825; x_wconf 87' lang='lat' dir='ltr'><strong>Sic</strong></span> 
     </span>
     <span class='ocr_line' id='line_1_12' title="bbox 758 1855 2084 1979; baseline -0.001 -29"><span class='ocrx_word' id='word_1_85' title='bbox 758 1867 803 1951; x_wconf 88' lang='lat' dir='ltr'><strong>iu</strong></span> <span class='ocrx_word' id='word_1_86' title='bbox 834 1865 1074 1977; x_wconf 82' lang='lat' dir='ltr'><strong>praecedenti</strong></span> <span class='ocrx_word' id='word_1_87' title='bbox 1113 1866 1302 1979; x_wconf 87' lang='lat' dir='ltr'><strong>exemplo</strong></span> <span class='ocrx_word' id='word_1_88' title='bbox 1319 1855 1481 1950; x_wconf 82' lang='lat'>2⁴-1.</span> <span class='ocrx_word' id='word_1_89' title='bbox 1521 1862 1597 1953; x_wconf 87' lang='lat' dir='ltr'><strong>seu</strong></span> <span class='ocrx_word' id='word_1_90' title='bbox 1634 1890 1655 1945; x_wconf 90' lang='lat'>1</span> <span class='ocrx_word' id='word_1_91' title='bbox 1697 1878 1767 1964; x_wconf 56' lang='grc' dir='ltr'><strong>-ι-</strong></span> <span class='ocrx_word' id='word_1_92' title='bbox 1802 1879 2084 1975; x_wconf 71' lang='lat' dir='ltr'><strong>2-1-4-t-</strong></span> 
     </span>
     <span class='ocr_line' id='line_1_13' title="bbox 766 1990 2087 2109; baseline 0.002 -27"><span class='ocrx_word' id='word_1_93' title='bbox 766 2004 965 2096; x_wconf 82' lang='lat'>8:15.</span> <span class='ocrx_word' id='word_1_94' title='bbox 1017 1994 1203 2105; x_wconf 90' lang='lat' dir='ltr'><strong>quoniam</strong></span> <span class='ocrx_word' id='word_1_95' title='bbox 1254 1995 1417 2109; x_wconf 77' lang='lat' dir='ltr'><strong>binnulus</strong></span> <span class='ocrx_word' id='word_1_96' title='bbox 1444 1990 1512 2079; x_wconf 89' lang='lat' dir='ltr'><strong>hic</strong></span> <span class='ocrx_word' id='word_1_97' title='bbox 1552 1995 1600 2081; x_wconf 88' lang='lat' dir='ltr'><strong>ad</strong></span> <span class='ocrx_word' id='word_1_98' title='bbox 1651 1990 1829 2105; x_wconf 88' lang='lat' dir='ltr'><strong>quartam</strong></span> <span class='ocrx_word' id='word_1_99' title='bbox 1874 2001 2087 2109; x_wconf 87' lang='lat' dir='ltr'><strong>potentiam</strong></span> 
     </span>
     <span class='ocr_line' id='line_1_14' title="bbox 757 2112 2085 2237; baseline 0.002 -28"><span class='ocrx_word' id='word_1_100' title='bbox 757 2112 927 2209; x_wconf 79' lang='lat' dir='ltr'><strong>eleuatus</strong></span> <span class='ocrx_word' id='word_1_101' title='bbox 958 2138 1067 2229; x_wconf 87' lang='lat' dir='ltr'><strong>etat,</strong></span> <span class='ocrx_word' id='word_1_102' title='bbox 1099 2122 1191 2209; x_wconf 87' lang='lat' dir='ltr'><strong>ideo</strong></span> <span class='ocrx_word' id='word_1_103' title='bbox 1221 2122 1344 2207; x_wconf 89' lang='lat' dir='ltr'><strong>adhuc</strong></span> <span class='ocrx_word' id='word_1_104' title='bbox 1376 2123 1433 2208; x_wconf 86' lang='lat' dir='ltr'><strong>bis</strong></span> <span class='ocrx_word' id='word_1_105' title='bbox 1459 2140 1619 2234; x_wconf 85' lang='lat' dir='ltr'><strong>quatuor</strong></span> <span class='ocrx_word' id='word_1_106' title='bbox 1651 2124 1821 2208; x_wconf 85' lang='lat' dir='ltr'><strong>admittit</strong></span> <span class='ocrx_word' id='word_1_107' title='bbox 1857 2144 1984 2237; x_wconf 84' lang='lat' dir='ltr'><strong>partes</strong></span> <span class='ocrx_word' id='word_1_108' title='bbox 2019 2126 2085 2213; x_wconf 89' lang='lat' dir='ltr'><strong>ali·</strong></span> 
     </span>
     <span class='ocr_line' id='line_1_15' title="bbox 759 2249 2086 2371; baseline 0.006 -37"><span class='ocrx_word' id='word_1_109' title='bbox 759 2264 903 2365; x_wconf 73' lang='lat' dir='ltr'><strong>quotus·</strong></span> <span class='ocrx_word' id='word_1_110' title='bbox 930 2249 980 2337; x_wconf 86' lang='lat' dir='ltr'><strong>sc.</strong></span> <span class='ocrx_word' id='word_1_111' title='bbox 1057 2269 1084 2348; x_wconf 80' lang='lat'><strong>3</strong></span> <span class='ocrx_word' id='word_1_112' title='bbox 1212 2259 1276 2357; x_wconf 83' lang='lat'><strong>4&#39;0</strong></span> <span class='ocrx_word' id='word_1_113' title='bbox 1338 2252 1423 2339; x_wconf 84' lang='lat' dir='ltr'><strong>dixi</strong></span> <span class='ocrx_word' id='word_1_114' title='bbox 1456 2254 1515 2340; x_wconf 85' lang='lat' dir='ltr'><strong>ad</strong></span> <span class='ocrx_word' id='word_1_115' title='bbox 1539 2256 1758 2367; x_wconf 74' lang='lat' dir='ltr'><strong>minitanter,</strong></span> <span class='ocrx_word' id='word_1_116' title='bbox 1790 2256 1974 2371; x_wconf 86' lang='lat' dir='ltr'><strong>quoniam</strong></span> <span class='ocrx_word' id='word_1_117' title='bbox 1998 2256 2086 2341; x_wconf 58' lang='lat' dir='ltr'><strong>daun</strong></span> 
     </span>
     <span class='ocr_line' id='line_1_16' title="bbox 1051 2382 1280 2463; baseline 0.017 -4"><span class='ocrx_word' id='word_1_118' title='bbox 1051 2382 1087 2459; x_wconf 87' lang='lat'>6</span> <span class='ocrx_word' id='word_1_119' title='bbox 1218 2402 1280 2463; x_wconf 82' lang='lat' dir='ltr'><strong>ao</strong></span> 
     </span>
     <span class='ocr_line' id='line_1_17' title="bbox 918 2498 1277 2595; baseline 0.011 -6"><span class='ocrx_word' id='word_1_120' title='bbox 918 2498 921 2505; x_wconf 73' lang='grc'><strong>’</strong></span> <span class='ocrx_word' id='word_1_121' title='bbox 1024 2529 1082 2589; x_wconf 85' lang='lat'><strong>12</strong></span> <span class='ocrx_word' id='word_1_122' title='bbox 1212 2532 1277 2595; x_wconf 81' lang='grc' dir='ltr'><strong>ιο</strong></span> 
     </span>
     <span class='ocr_line' id='line_1_18' title="bbox 997 2657 1276 2749; baseline 0.011 -13"><span class='ocrx_word' id='word_1_123' title='bbox 997 2657 1087 2749; x_wconf 64' lang='grc'><strong>,24</strong></span> <span class='ocrx_word' id='word_1_124' title='bbox 1249 2658 1276 2739; x_wconf 78' lang='lat'>5</span> 
     </span>
     <span class='ocr_line' id='line_1_19' title="bbox 760 2756 2201 2883; baseline 0.008 -36"><span class='ocrx_word' id='word_1_125' title='bbox 760 2776 828 2847; x_wconf 84' lang='lat' dir='ltr'><strong>tur</strong></span> <span class='ocrx_word' id='word_1_126' title='bbox 855 2756 957 2845; x_wconf 89' lang='lat' dir='ltr'><strong>casus</strong></span> <span class='ocrx_word' id='word_1_127' title='bbox 984 2759 1024 2843; x_wconf 93' lang='lat' dir='ltr'><strong>in</strong></span> <span class='ocrx_word' id='word_1_128' title='bbox 1055 2760 1188 2873; x_wconf 88' lang='lat' dir='ltr'><strong>quibus</strong></span> <span class='ocrx_word' id='word_1_129' title='bbox 1218 2764 1337 2849; x_wconf 87' lang='lat' dir='ltr'><strong>etiam</strong></span> <span class='ocrx_word' id='word_1_130' title='bbox 1369 2765 1443 2853; x_wconf 87' lang='lat' dir='ltr'><strong>hae</strong></span> <span class='ocrx_word' id='word_1_131' title='bbox 1473 2790 1598 2881; x_wconf 74' lang='lat' dir='ltr'><strong>parter</strong></span> <span class='ocrx_word' id='word_1_132' title='bbox 1635 2769 1826 2881; x_wconf 77' lang='lat' dir='ltr'><strong>aliquotae</strong></span> <span class='ocrx_word' id='word_1_133' title='bbox 1874 2772 2090 2883; x_wconf 72' lang='lat' dir='ltr'><strong>intrudant,</strong></span> <span class='ocrx_word' id='word_1_134' title='bbox 2200 2813 2201 2824; x_wconf 18' lang='grc' dir='ltr'><strong><em>Ν</em></strong></span> 
     </span>
     <span class='ocr_line' id='line_1_20' title="bbox 767 2888 2087 3018; baseline 0.008 -43"><span class='ocrx_word' id='word_1_135' title='bbox 767 2890 893 3004; x_wconf 89' lang='lat' dir='ltr'><strong>prouti</strong></span> <span class='ocrx_word' id='word_1_136' title='bbox 925 2888 1056 2974; x_wconf 82' lang='lat' dir='ltr'><strong>uidere</strong></span> <span class='ocrx_word' id='word_1_137' title='bbox 1086 2889 1141 2977; x_wconf 87' lang='lat' dir='ltr'><strong>est</strong></span> <span class='ocrx_word' id='word_1_138' title='bbox 1170 2890 1396 2982; x_wconf 87' lang='lat' dir='ltr'><strong>innumero</strong></span> <span class='ocrx_word' id='word_1_139' title='bbox 1416 2906 1538 2981; x_wconf 89' lang='lat'><em>2016</em></span> <span class='ocrx_word' id='word_1_140' title='bbox 1567 2926 1625 2985; x_wconf 88' lang='lat'>:</span> <span class='ocrx_word' id='word_1_141' title='bbox 1655 2891 2087 3018; x_wconf 78' lang='lat' dir='ltr'><strong>(2‘-1)2⁵seu63.</strong></span> 
     </span>
     <span class='ocr_line' id='line_1_21' title="bbox 768 3015 2090 3136; baseline 0.01 -38"><span class='ocrx_word' id='word_1_142' title='bbox 768 3034 826 3119; x_wconf 71' lang='lat' dir='ltr'><strong>aa</strong></span> <span class='ocrx_word' id='word_1_143' title='bbox 860 3015 995 3105; x_wconf 89' lang='lat' dir='ltr'><strong>scilicet</strong></span> <span class='ocrx_word' id='word_1_144' title='bbox 1026 3017 1212 3130; x_wconf 86' lang='lat' dir='ltr'><strong>quoniam</strong></span> <span class='ocrx_word' id='word_1_145' title='bbox 1230 3027 1290 3120; x_wconf 75' lang='lat'><strong>63</strong></span> <span class='ocrx_word' id='word_1_146' title='bbox 1312 3051 1370 3106; x_wconf 89' lang='grc'><strong>;.-</strong></span> <span class='ocrx_word' id='word_1_147' title='bbox 1392 3052 1412 3106; x_wconf 93' lang='lat'>1</span> <span class='ocrx_word' id='word_1_148' title='bbox 1438 3043 1780 3136; x_wconf 73' lang='lat'><em>÷2÷4÷</em></span> <span class='ocrx_word' id='word_1_149' title='bbox 1803 3047 1828 3123; x_wconf 74' lang='lat' dir='ltr'><strong>a</strong></span> <span class='ocrx_word' id='word_1_150' title='bbox 1851 3043 1996 3131; x_wconf 67' lang='lat'><em>-4-16</em></span> <span class='ocrx_word' id='word_1_151' title='bbox 2019 3046 2090 3130; x_wconf 74' lang='lat' dir='ltr'><strong>-t-</strong></span> 
     </span>
     <span class='ocr_line' id='line_1_22' title="bbox 770 3144 2089 3270; baseline 0.012 -44"><span class='ocrx_word' id='word_1_152' title='bbox 770 3165 829 3245; x_wconf 78' lang='lat' dir='ltr'><strong>aa</strong></span> <span class='ocrx_word' id='word_1_153' title='bbox 864 3144 1031 3228; x_wconf 88' lang='lat' dir='ltr'><strong>nonest</strong></span> <span class='ocrx_word' id='word_1_154' title='bbox 1064 3148 1237 3255; x_wconf 89' lang='lat' dir='ltr'><strong>primus,</strong></span> <span class='ocrx_word' id='word_1_155' title='bbox 1267 3149 1535 3241; x_wconf 85' lang='lat' dir='ltr'><strong>seddiuifibilis</strong></span> <span class='ocrx_word' id='word_1_156' title='bbox 1552 3185 1620 3270; x_wconf 90' lang='lat' dir='ltr'><strong>per</strong></span> <span class='ocrx_word' id='word_1_157' title='bbox 1653 3181 1681 3264; x_wconf 85' lang='lat'><em>7</em></span> <span class='ocrx_word' id='word_1_158' title='bbox 1716 3184 1755 3248; x_wconf 79' lang='lat' dir='ltr'><strong>et</strong></span> <span class='ocrx_word' id='word_1_159' title='bbox 1789 3190 1819 3266; x_wconf 89' lang='lat'><em>9</em></span> <span class='ocrx_word' id='word_1_160' title='bbox 1848 3163 1941 3250; x_wconf 90' lang='lat' dir='ltr'><strong>hinc</strong></span> <span class='ocrx_word' id='word_1_161' title='bbox 1975 3161 2089 3250; x_wconf 85' lang='lat' dir='ltr'><strong>habet</strong></span> 
     </span>
     <span class='ocr_line' id='line_1_23' title="bbox 763 3271 2004 3408; baseline 0.01 -48"><span class='ocrx_word' id='word_1_162' title='bbox 763 3271 965 3360; x_wconf 89' lang='lat' dir='ltr'><strong>nonsolum</strong></span> <span class='ocrx_word' id='word_1_163' title='bbox 996 3271 1188 3392; x_wconf 80' lang='lat' dir='ltr'><strong>sequentes</strong></span> <span class='ocrx_word' id='word_1_164' title='bbox 1219 3299 1243 3359; x_wconf 86' lang='lat' dir='ltr'><strong>e</strong></span> <span class='ocrx_word' id='word_1_165' title='bbox 1270 3285 1455 3394; x_wconf 86' lang='lat' dir='ltr'><strong>potentiis</strong></span> <span class='ocrx_word' id='word_1_166' title='bbox 1485 3287 1613 3374; x_wconf 85' lang='lat' dir='ltr'><strong>binarii</strong></span> <span class='ocrx_word' id='word_1_167' title='bbox 1645 3293 1849 3403; x_wconf 80' lang='lat' dir='ltr'><strong>produdias</strong></span> <span class='ocrx_word' id='word_1_168' title='bbox 1877 3315 2004 3408; x_wconf 84' lang='lat' dir='ltr'><strong>partes</strong></span> 
     </span>
    </p>
   </div>
   <div class='ocr_carea' id='block_1_3' title="bbox 732 3461 2092 3589">
    <p class='ocr_par' dir='ltr' id='par_1_3' title="bbox 732 3461 2092 3589">
     <span class='ocr_line' id='line_1_24' title="bbox 732 3461 2092 3589; baseline 0.019 -47"><span class='ocrx_word' id='word_1_169' title='bbox 732 3489 828 3576; x_wconf 80' lang='grc' dir='ltr'><strong> ι</strong></span> <span class='ocrx_word' id='word_1_170' title='bbox 898 3469 1019 3548; x_wconf 82' lang='lat'><em>2016</em></span> <span class='ocrx_word' id='word_1_171' title='bbox 1077 3461 1281 3556; x_wconf 86' lang='lat' dir='ltr'><strong>sedetbis</strong></span> <span class='ocrx_word' id='word_1_172' title='bbox 1378 3494 1407 3578; x_wconf 90' lang='lat'><em>7</em></span> <span class='ocrx_word' id='word_1_173' title='bbox 1471 3495 1563 3569; x_wconf 84' lang='lat'><strong>228</strong></span> <span class='ocrx_word' id='word_1_174' title='bbox 1627 3508 1810 3572; x_wconf 88' lang='lat' dir='ltr'><strong>necnon</strong></span> <span class='ocrx_word' id='word_1_175' title='bbox 1906 3507 1933 3586; x_wconf 80' lang='lat'><strong>3</strong></span> <span class='ocrx_word' id='word_1_176' title='bbox 2002 3491 2092 3589; x_wconf 81' lang='lat'><strong>672</strong></span> 
     </span>
    </p>
   </div>
   <div class='ocr_carea' id='block_1_4' title="bbox 774 3593 2091 4175">
    <p class='ocr_par' dir='ltr' id='par_1_4' title="bbox 774 3593 2091 4175">
     <span class='ocr_line' id='line_1_25' title="bbox 805 3593 2091 3832; baseline 0.016 -20"><span class='ocrx_word' id='word_1_177' title='bbox 805 3681 833 3740; x_wconf 79' lang='lat'>2</span> <span class='ocrx_word' id='word_1_178' title='bbox 904 3673 1021 3750; x_wconf 77' lang='lat'>¹00⁸</span> <span class='ocrx_word' id='word_1_179' title='bbox 1086 3593 1316 3816; x_wconf 42' lang='lat' dir='ltr'><strong>iiiiii</strong></span> <span class='ocrx_word' id='word_1_180' title='bbox 1353 3695 1413 3780; x_wconf 66' lang='lat'><strong>14</strong></span> <span class='ocrx_word' id='word_1_181' title='bbox 1481 3701 1571 3784; x_wconf 64' lang='lat'><strong>144</strong></span> <span class='ocrx_word' id='word_1_182' title='bbox 1631 3613 1775 3832; x_wconf 52' lang='lat' dir='ltr'><strong>isit</strong></span> <span class='ocrx_word' id='word_1_183' title='bbox 1898 3689 1932 3763; x_wconf 79' lang='lat'><strong><em>⁶</em></strong></span> <span class='ocrx_word' id='word_1_184' title='bbox 2001 3684 2091 3786; x_wconf 75' lang='lat'><strong>³³⁶</strong></span> 
     </span>
     <span class='ocr_line' id='line_1_26' title="bbox 800 3811 2090 3906; baseline 0.002 -12"><span class='ocrx_word' id='word_1_185' title='bbox 800 3816 837 3894; x_wconf 78' lang='lat'>4</span> <span class='ocrx_word' id='word_1_186' title='bbox 931 3811 1028 3896; x_wconf 79' lang='lat'><strong>504</strong></span> <span class='ocrx_word' id='word_1_187' title='bbox 1347 3813 1404 3890; x_wconf 86' lang='lat'><strong>28</strong></span> <span class='ocrx_word' id='word_1_188' title='bbox 1504 3825 1564 3906; x_wconf 90' lang='lat'><strong>72</strong></span> <span class='ocrx_word' id='word_1_189' title='bbox 1875 3837 1932 3896; x_wconf 85' lang='lat'><strong>12</strong></span> <span class='ocrx_word' id='word_1_190' title='bbox 2007 3817 2090 3896; x_wconf 82' lang='lat'><strong>168</strong></span> 
     </span>
     <span class='ocr_line' id='line_1_27' title="bbox 805 3928 2091 4048; baseline 0.004 -26"><span class='ocrx_word' id='word_1_191' title='bbox 805 3928 832 4006; x_wconf 74' lang='lat'><strong>⁸</strong></span> <span class='ocrx_word' id='word_1_192' title='bbox 935 3945 1024 4022; x_wconf 81' lang='lat'><strong>252</strong></span> <span class='ocrx_word' id='word_1_193' title='bbox 1342 3941 1405 4027; x_wconf 75' lang='lat'><strong>5⁶</strong></span> <span class='ocrx_word' id='word_1_194' title='bbox 1499 3941 1561 4033; x_wconf 77' lang='lat'><strong>36</strong></span> <span class='ocrx_word' id='word_1_195' title='bbox 1711 4005 1720 4024; x_wconf 83' lang='lat'><strong>·</strong></span> <span class='ocrx_word' id='word_1_196' title='bbox 1873 3965 1935 4048; x_wconf 85' lang='lat'><strong>24</strong></span> <span class='ocrx_word' id='word_1_197' title='bbox 2033 3951 2091 4044; x_wconf 64' lang='grc'><strong>84-</strong></span> 
     </span>
     <span class='ocr_line' id='line_1_28' title="bbox 774 4053 2090 4175; baseline 0.014 -51"><span class='ocrx_word' id='word_1_198' title='bbox 774 4053 832 4126; x_wconf 83' lang='lat'><strong>16</strong></span> <span class='ocrx_word' id='word_1_199' title='bbox 934 4055 1027 4131; x_wconf 80' lang='lat'><strong>126</strong></span> <span class='ocrx_word' id='word_1_200' title='bbox 1305 4080 1395 4138; x_wconf 68' lang='grc' dir='ltr'><strong>ΗΞ</strong></span> <span class='ocrx_word' id='word_1_201' title='bbox 1499 4077 1554 4151; x_wconf 86' lang='lat'><strong>18</strong></span> <span class='ocrx_word' id='word_1_202' title='bbox 1873 4081 1932 4175; x_wconf 83' lang='lat'><strong>48</strong></span> <span class='ocrx_word' id='word_1_203' title='bbox 2031 4091 2090 4174; x_wconf 82' lang='lat'><strong>42</strong></span> 
     </span>
    </p>
   </div>
   <div class='ocr_carea' id='block_1_5' title="bbox 772 4189 2086 4314">
    <p class='ocr_par' dir='ltr' id='par_1_5' title="bbox 772 4189 2086 4314">
     <span class='ocr_line' id='line_1_29' title="bbox 772 4189 2086 4314; baseline 0.003 -34"><span class='ocrx_word' id='word_1_204' title='bbox 772 4197 836 4280; x_wconf 76' lang='lat'><strong>32</strong></span> <span class='ocrx_word' id='word_1_205' title='bbox 970 4189 1030 4276; x_wconf 72' lang='lat'><strong>⁶³</strong></span> <span class='ocrx_word' id='word_1_206' title='bbox 1178 4295 1189 4314; x_wconf 35' lang='lat'><strong>·</strong></span> <span class='ocrx_word' id='word_1_207' title='bbox 1304 4208 1402 4292; x_wconf 70' lang='lat'><strong>224</strong></span> <span class='ocrx_word' id='word_1_208' title='bbox 1524 4219 1555 4302; x_wconf 87' lang='lat'>9</span> <span class='ocrx_word' id='word_1_209' title='bbox 1869 4205 1931 4307; x_wconf 90' lang='lat'><strong>96</strong></span> <span class='ocrx_word' id='word_1_210' title='bbox 2033 4223 2086 4284; x_wconf 86' lang='lat'><strong>21</strong></span> 
     </span>
    </p>
   </div>
   <div class='ocr_carea' id='block_1_6' title="bbox 1974 4453 2094 4558">
    <p class='ocr_par' dir='ltr' id='par_1_6' title="bbox 1974 4453 2094 4558">
     <span class='ocr_line' id='line_1_30' title="bbox 1974 4453 2094 4558; baseline 0.017 -22"><span class='ocrx_word' id='word_1_211' title='bbox 1974 4453 2013 4558; x_wconf 62' lang='grc' dir='ltr'><strong>ς.</strong></span> <span class='ocrx_word' id='word_1_212' title='bbox 2048 4457 2094 4538; x_wconf 83' lang='grc'><strong>6.</strong></span> 
     </span>
    </p>
   </div>
   <div class='ocr_carea' id='block_1_7' title="bbox 0 0 2242 5893">
    <p class='ocr_par' dir='ltr' id='par_1_7' title="bbox 0 0 2242 5893">
     <span class='ocr_line' id='line_1_31' title="bbox 0 0 2242 5893; baseline 0 0"><span class='ocrx_word' id='word_1_213' title='bbox 0 0 2242 5893; x_wconf 95' lang='lat' dir='ltr'><strong> </strong></span> 
     </span>
    </p>
   </div>
  </div>
 </body>
</html>
