4475 5900
756 448 846 530 ιιι
939 427 1028 524 nn
1058 419 1456 542 aaaoarmao,
1484 421 1656 588 caus
1687 427 1872 572 cerm

723 643 726 650 ’
816 756 827 778 ,
868 655 1134 751 Confidentio
1165 660 1311 746 horum
1341 659 1563 748 defectuum
1594 659 1811 748 barometri
1829 653 2078 747 Bernoulia-

750 793 797 876 n'i
825 779 1048 878 ouationem
1083 791 1189 876 dedit
1222 789 1323 874 hisco
1352 793 1455 876 meis
1473 805 1504 897 ‚‘
1517 813 1613 901 quae
1643 788 1848 899 sequunuu-
1875 789 2077 900 cogitatio-

752 920 892 1028 nibus,
922 946 1011 1033 quas
1045 919 1215 1004 examini
1249 913 1434 1003 societatis
1462 917 1662 1002 lubmitto.
1724 914 1782 999 Vt
1797 916 1931 1004 clarius
1946 915 2077 1000 omnia

752 1065 937 1164 pateant,
968 1053 1010 1133 in
1038 1048 1270 1136 anteceffitm
1301 1047 1453 1160 sequem
1485 1045 1685 1162 problema
1714 1037 1859 1130 soluere
1902 1045 2025 1131 liceat.

1258 1249 1571 1390 Problema.
1726 1325 1729 1348 2

871 1491 1333 1605 §.aucupatione
1381 1493 1690 1606 atmosplnerae·
1720 1514 1793 1604 per
1841 1487 2078 1576 altitudinem

672 1687 675 1694 .
751 1617 1053 1706 barmnenicam
1081 1625 1292 1731 expreffa,
1324 1637 1363 1704 et
1394 1623 1507 1708 fimul
1536 1623 1741 1707 colrunme
1757 1619 1950 1704 caitudam
1981 1643 2081 1704 men

754 1745 933 1855 natulis,
962 1773 1058 1834 cum
1086 1773 1159 1860 qua
1189 1748 1427 1836 coniunctim
1470 1749 1737 1862 atmofphaoca
1788 1753 1922 1833 al'ncm
1958 1773 2082 1832 vcorn

756 1877 1036 1983 primiceria
1066 1879 1160 1962 dato
1190 1877 1395 1963 volumine
1421 1881 1626 1985 contina,
1658 1880 1821 1986 datoque
1853 1877 2081 1962 decremen-

756 2017 802 2082 to
832 2001 1036 2087 altitudinis
1066 2005 1344 2090 larometricae
1375 2007 1547 2090 inuenire
1587 2009 1876 2092 incrtmmtum
1921 2003 2084 2090 uolani·

756 2128 816 2214 nis
844 2131 945 2216 adria
974 2131 1174 2225 constantis
1206 2131 1359 2244 semper
1391 2135 1607 2244 temperiei.

1257 2350 1563 2477 Resolutio

707 2657 719 2681 .
755 2587 766 2606 ⁹
883 2587 927 2705 1)
960 2587 1209 2706 concipiatur
1249 2595 1361 2681 tubus
1396 2595 1533 2681 vitreus
1580 2583 1663 2680 ΑΒ
1677 2587 1713 2680 C
1721 2587 1839 2683 DE:
1873 2619 1961 2706 pars
1992 2588 2087 2682 ΑΒ

646 2721 714 2768 ·¹·
759 2714 806 2802 lit
836 2720 1027 2832 ‚amplior
1075 2743 1115 2806 et
1154 2723 1194 2806 in
1226 2722 1371 2809 vertice
1403 2723 1505 2810 Alit
1521 2741 1713 2836 apertus,
1746 2751 1832 2836 pau
1859 2709 2011 2810 BCD
2041 2725 2088 2812 fit

759 2845 949 2953 aagtdlior
979 2868 1020 2933 et
1051 2845 1146 2935 AB
1175 2877 1268 2935 cum
1303 2849 1399 2938 CD
1429 2852 1540 2938 faciat
1574 2849 1754 2964 angulum
1770 2855 1933 2938 redium.
2000 2847 2036 2935 C
2044 2849 2084 2939 D

758 2995 860 3064 teto
892 2974 1042 3062 liniatur
1072 2977 1190 3086 bulbo
1217 2979 1399 3092 ampliori
1428 2978 1530 3069 DE
1563 2976 1698 3067 clauso.
1770 2978 2034 3093 concipiant,

880 3116 924 3211 2)
956 3105 1090 3191 'l'ubus
1121 3102 1215 3189 AB
1245 3113 1285 3193 in
1315 3110 1384 3193 fitu
1437 3110 1609 3196 verticuli
1639 3112 1680 3195 e't
1717 3106 1817 3199 CD
1847 3112 1889 3197 in
1919 3112 1989 3197 fitu
2019 3110 2085 3199 ho-

759 3227 962 3336 rirmtali,
990 3248 1031 3312 et
1063 3250 1228 3343 ponatur

883 3350 929 3469 a)
961 3355 1178 3467 Argentum
1212 3362 1352 3459 viuum
1369 3364 1536 3475 stagnare
1565 3391 1588 3451 a
1621 3364 1819 3479 superficie
1835 3354 1917 3456 'ab
1949 3372 1998 3457 ad
2029 3369 2091 3459 cd

763 3497 929 3566 etcum
979 3484 1247 3597 atmosphaert
1294 3492 1535 3577 coniundlim
1586 3498 1852 3614 comprimere
1883 3505 2018 3587 a'e‘rem
2050 3516 2086 3583 et

591 3639 595 3647 ·
763 3607 875 3695 illum
907 3616 1089 3707 co'c‘rcere
1121 3617 1159 3699 in
1192 3616 1312 3729 spatio
1343 3622 1410 3711 ca
1440 3616 1606 3713 DEc:
1639 3624 1684 3711 fit

743 3777 748 3785 ·
881 3735 928 3854 4)
960 3740 1100 3829 Prellro
1132 3746 1419 3858 atmosphaerae
1451 3770 1491 3836 et
1522 3752 1698 3845 mercurii
1729 3756 1770 3841 in
1802 3758 1898 3843 tubo
1928 3727 2088 3845 vertical-

763 3867 792 3951 lr
821 3865 919 3954 AB
950 3869 1152 3981 stagnantis
1196 3877 1436 3965 coniunctim
1477 3899 1521 3965 vt
1550 3878 1707 3967 altitudo
1737 3912 1759 3973 c
1791 3884 1994 3974 columnae
2025 3914 2090 3977 cu·

763 3998 910 4083 iusdam
939 4001 1188 4087 mercurialis.
1252 4000 1311 4090 Sit

883 4123 928 4239 5)
958 4122 1092 4212 Sedtio
1124 4130 1372 4221 horiwnnlis
1400 4140 1614 4250 capacitatis
1644 4133 1726 4224 tubi
1757 4140 1929 4229 AB:
1943 4171 1972 4231 a

879 4250 925 4365 ό)
957 4252 1158 4342 Volumen
1188 4262 1284 4347 a'e'ris
1312 4264 1353 4349 in
1386 4266 1503 4353 bulbo
1532 4290 1619 4353 ante
1657 4266 1917 4361 dilatationem
1947 4298 2008 4357 ::
2036 4272 2089 4355 V.

879 4372 926 4493 7)
961 4376 1271 4477 Decrementum
1300 4392 1494 4503 preffionia
1541 4392 1830 4509 runosphaerae
1859 4423 1907 4521 at
1935 4402 2095 4489 altitudo

1975 4552 2094 4616 curua
