4475 5900
399 382 663 498 nonesto
700 396 1122 503 WMINARIVM.
1365 430 1456 523 45³

133 640 351 733 adlimam
385 658 629 758 ωιτη,
661 644 1161 765 etplodioitllneaep,
1212 670 1306 761 qtrre
1337 678 1459 765 porro
1561 648 1565 657 ’

133 779 182 860 ad
213 776 356 859 lineam
385 775 461 860 Le
492 778 618 862 addita
647 778 788 864 lineam
820 776 859 861 L
868 794 898 891 p
930 780 1132 889 producet
1219 782 1291 865 llis
1321 780 1456 867 inuen-

130 905 183 986 tis
213 904 437 989 demittatur
468 930 490 988 n
523 906 674 1018 pundo
706 904 744 989 L
776 906 824 990 ad
854 906 1079 1017 parallelum
1113 904 1244 991 stellae
1292 932 1460 1021 perpens

130 1030 302 1117 diculnris
331 1030 443 1144 bg,
474 1053 513 1117 et
542 1032 771 1119 formabitur
801 1034 894 1119 inde
924 1035 1153 1146 triangulum
1195 1035 1457 1145 redtungulum

132 1158 168 1245 L
175 1187 210 1270 g
220 1174 279 1275 p,
312 1161 353 1242 in
382 1185 465 1272 quo
496 1170 649 1275 pruet'er
689 1166 841 1249 testum
873 1166 920 1250 td
926 1192 959 1277 g
975 1164 1110 1251 donnu
1127 1188 1199 1276 pet
1236 1168 1491 1277 praemititt-

132 1289 468 1405 determinntiones
513 1292 782 1403 hypothenub
821 1290 858 1375 L
867 1308 921 1407 p,
970 1312 1015 1378 et
1041 1292 1202 1404 angulus
1246 1293 1281 1378 L
1290 1310 1324 1407 p
1329 1320 1362 1403 g
1393 1318 1461 1379 ue·¹

130 1416 245 1527 qualis
273 1413 342 1501 suo
372 1419 527 1503 metro
556 1423 694 1528 ard,
727 1416 953 1505 undenus
973 1446 1126 1532 quoque
1153 1421 1250 1531 Lg,
1282 1406 1457 1507 differen-

129 1547 185 1627 tia
215 1544 514 1631 declinationum
546 1551 669 1632 centri
700 1548 833 1633 Lunae
866 1566 908 1631 et
940 1548 1067 1633 stellae
1099 1568 1282 1659 tempore
1319 1550 1459 1661 appul-

128 1670 184 1757 sus
216 1672 390 1756 mnculae
423 1674 472 1761 M
514 1680 561 1760 td
592 1674 781 1788 capillum
813 1670 910 1761 BD
941 1677 1147 1785 obtinens,
1179 1698 1222 1758 et
1251 1676 1352 1760 liner
1378 1694 1409 1792 p
1423 1705 1458 1789 g

116 1801 299 1915 ‘partibus
329 1802 520 1914 temporis
548 1802 597 1888 ad
628 1823 784 1888 motum
823 1804 951 1889 stellae
983 1804 1109 1888 relatis
1154 1801 1358 1910 exprelsae
1388 1820 1457 1890 dn·

128 1932 285 2015 buntur.
350 1931 533 2015 Tandem
567 1931 754 2016 addantur
784 1933 1040 2017 oscillationes
1085 1932 1281 2041 horologii
1314 1934 1473 2019 lineam·

125 2073 200 2172 ap
247 2057 355 2170 supra
385 2059 527 2143 datum
576 2060 846 2171 exprimentes
875 2063 924 2143 ad
955 2060 1097 2143 suniles
1147 2060 1458 2147 oscillationesa

122 2187 309 2271 contactu
340 2185 471 2271 stellae
502 2185 530 2273 S
565 2214 654 2273 cun
691 2186 836 2297 capillo
867 2183 964 2268 BD
998 2187 1047 2270 ad
1078 2186 1274 2271 occursum
1325 2214 1458 2275 macu-

124 2314 188 2398 lre
219 2315 269 2401 M
301 2315 433 2425 eidem
462 2316 607 2425 capillo
637 2314 919 2397 intercedentes
944 2312 1090 2395 lineum
1123 2308 1458 2425 Sacomponen-

124 2462 212 2553 tet,
246 2460 289 2526 et
321 2442 489 2552 prodibit
519 2442 620 2525 liner
651 2436 753 2554 Sp,
786 2466 808 2525 n
840 2466 914 2550 qun
932 2438 1124 2524 subtracto
1140 2438 1280 2527 latere¹
1288 2458 1320 2554 p
1326 2470 1362 2553 g
1384 2470 1457 2529 nu·

122 2597 199 2684 per
216 2574 399 2674 inuento,
419 2569 573 2655 restabit
588 2567 691 2652 linea
708 2564 737 2653 S
745 2596 778 2679 g
794 2567 1036 2675 ‚differentia
1053 2568 1312 2653 ascensionum·
1329 2572 1454 2658 reeta·

122 2717 220 2786 rum·
228 2702 350 2787 centri
365 2699 500 2786 Lunae
518 2716 560 2781 et
585 2697 712 2782 llellae
738 2715 950 2781 momento
974 2698 1244 2782 obsemstionis
1275 2696 1455 2786 obtinens

120 2829 261 2915 itidem
294 2846 408 2915 motu
439 2827 566 2913 stellae
597 2822 805 2938 expretla:
845 2826 980 2936 quibus
1010 2828 1108 2911 dotis
1152 2826 1264 2911 detur
1311 2830 1455 2937 positio
1569 2838 1573 2859 '

121 2962 247 3045 centri
276 2960 410 3044 Lunae
440 2962 488 3044 ad
518 2953 665 3041 stellam
697 2956 874 3065 quaene.
917 2954 1078 3040 Eodem
1111 2957 1237 3037 modo
1269 2955 1354 3039 loca
1372 2956 1451 3044 Lu·

119 3113 197 3171 nne
227 3089 276 3172 ad
306 3086 457 3172 stellam
492 3085 647 3169 vlterius
676 3081 1058 3187 determinabuntur,
1092 3081 1123 3164 li
1155 3083 1255 3165 dnae
1277 3084 1453 3168 obstrue

119 3217 252 3302 tiones
279 3215 512 3327 posteriores
540 3215 625 3300 nris
654 3237 803 3321 nempe
832 3211 894 3319 4‘0
935 3227 978 3292 et
1013 3211 1072 3313 5²⁰¹
1114 3207 1206 3318 §phi
1236 3209 1345 3296 liuius
1364 3236 1452 3295 me»

118 3365 297 3430 moratae
329 3359 580 3454 repetantur,
613 3335 692 3424 tres
728 3342 838 3424 enim
866 3337 1019 3452 priores
1066 3339 1284 3422 conitentes
1332 3341 1450 3450 sunt,

118 3493 162 3556 et
193 3473 310 3558 semel
339 3471 521 3558 definitae
549 3493 620 3580 per
648 3469 840 3577 integram
871 3469 1116 3553 deustionem
1147 3463 1331 3577 eclipseos
1362 3493 1450 3554 ene-

122 3601 216 3685 dem
249 3602 456 3704 obtinent,
487 3618 526 3680 et
554 3598 700 3707 poterit
729 3596 822 3680 liinc
853 3596 957 3682 locus
986 3594 1119 3678 Lunae
1160 3594 1338 3705 respecto
1381 3621 1452 3680 ae·

120 3730 293 3840 questoris
322 3753 397 3839 per
422 3725 594 3835 regulam
624 3728 927 3834 premoniomtm
960 3725 1006 3808 td
1038 3721 1239 3832 quodlibet
1289 3741 1451 3834 tempus

58 3865 59 3869 '
118 3858 303 3967 eclipseos
332 3862 440 3942 inter
468 3851 752 3939 obsentetionet
778 3850 1000 3940 britomodi
1027 3852 1304 3940 intermedium
1348 3851 1450 3938 defi-

113 4012 196 4071 nm
225 4007 272 4069 rt
298 4011 412 4096 pnus
871 4035 878 4046 ·
1441 4021 1448 4040 ·

237 4113 357 4202 Scene.
396 4125 491 4194 ‚m
516 4111 666 4232 Quodfi
707 4113 839 4227 polito
881 4117 1060 4224 morm'ne
1084 4111 1222 4198 Lorne
1267 4112 1446 4202 menori

114 4245 226 4352 fitpru
256 4244 439 4354 capillum
472 4239 569 4331 GC
597 4244 743 4328 insitu
770 4242 950 4326 eirenem
986 4246 1037 4328 nd
1075 4247 1259 4328 diumum.
1307 4243 1444 4325 Limne

105 4371 330 4488 parallelo,
374 4374 506 4487 promi
535 4373 580 4457 in
605 4367 773 4461 Sebolio
798 4370 898 4471 §oni
925 4369 1182 4483 destribintr,
1228 4367 1336 4458 stelle·
1359 4369 1443 4450 Lm

688 4499 730 4588 L
756 4497 821 4586 ll
851 4519 881 4600 3
1045 4542 1053 4556 ·
1344 4517 1442 4582 nem
