4475 5900
786 484 949 662 sani

186 729 302 820 simos
331 729 409 816 esse
437 729 562 844 dicit;
592 724 872 816 Differentiam
900 747 1033 818 autem
1065 747 1292 841 extemam,
1324 755 1422 846 quae
1437 735 1519 846 pti·

187 888 260 949 mo
291 863 433 946 intuitu
462 861 652 950 obseruari
690 861 848 972 potest,
886 859 1100 946 consistere.
1139 857 1214 980 ι.)
1246 860 1295 948 In
1325 864 1516 975 magnitu-

183 991 302 1100 dine,
342 1015 439 1105 quae
479 991 654 1076 leonibus
690 989 811 1100 duplo
852 991 981 1074 maior
1013 991 1081 1076 est.
1152 1014 1178 1073 2
1214 987 1230 1108 )
1266 988 1316 1077 ln
1349 992 1518 1106 pilorum

184 1123 332 1208 colore.
403 1114 483 1234 ³·)
515 1117 565 1206 In
595 1119 713 1228 iuba,
745 1141 818 1230 qut
849 1119 982 1204 leones
1011 1143 1143 1205 mares
1172 1122 1214 1205 in
1227 1118 1338 1208 collo
1363 1122 1519 1207 donan-

182 1269 258 1336 tur.
323 1247 373 1336 In
407 1247 578 1334 moribus
605 1247 727 1332 etiam
757 1246 863 1334 haud
893 1249 1088 1335 minorem
1112 1248 1403 1364 discrepantiam
1428 1271 1516 1334 nan·

182 1397 275 1492 nat,
314 1401 552 1491 quamquam
592 1375 722 1482 enim,
760 1377 844 1482 ait,
885 1396 1092 1492 utriunque
1131 1377 1277 1466 anianus
1312 1376 1439 1464 senam
1471 1394 1515 1464 et

183 1525 365 1622 paratum
396 1505 446 1590 ad
477 1503 715 1592 inuadendos
752 1503 914 1614 hostes,
954 1505 1031 1592 vro
1063 1524 1196 1601 tumeo
1229 1503 1338 1594 tanto
1370 1505 1513 1592 maiori

182 1638 367 1742 audacia,
406 1652 553 1747 quanto
593 1634 728 1746 reliqui
768 1633 910 1721 maion'
947 1636 1057 1722 mole
1095 1634 1282 1748 corporie
1348 1634 1516 1748 Vtrique

181 1765 391 1878 polygami
428 1765 548 1868 sunt,
588 1763 716 1875 plures
746 1781 879 1849 tamm
918 1759 1115 1848 monnellus
1145 1764 1253 1874 ursi,
1284 1788 1399 1876 qiam
1429 1758 1514 1846 leo-

181 1919 250 1978 nes
281 1893 437 1978 ducunt.
501 1887 593 1974 Vrfi
622 1913 798 1973 axonam
830 1905 870 1972 et
898 1889 1020 2000 prolis
1048 1889 1323 1995 amantissimi,
1356 1889 1420 1975 ed
1448 1907 1514 1998 ty·

182 2019 386 2104 rannidem
429 2015 538 2126 super
576 2039 722 2100 uxores
761 2032 981 2121 excitent,
1025 2015 1158 2102 leones
1194 2037 1339 2104 ποιεῦ
1378 2017 1514 2104 maxi·

181 2173 257 2233 mo
289 2147 328 2230 in
362 2141 513 2226 honore
547 2142 720 2250 labent,
750 2139 832 2230 sed'
852 2141 1052 2256 negligunt
1089 2141 1260 2260 pmlem.
1326 2141 1439 2232 Plana
1467 2145 1512 2233 in

181 2273 262 2389 ipsa
293 2269 555 2360 dissertatione
588 2271 748 2382 legenda
783 2257 882 2356 sunt.

300 2401 464 2488 Lunam
495 2401 687 2486 marinam
728 2399 832 2486 idem
870 2400 946 2488 esse
976 2396 1155 2510 animal,
1184 2401 1290 2514 quod
1320 2425 1344 2486 a
1377 2399 1509 2508 Mare

181 2532 318 2644 gmuio
349 2529 415 2615 sub
443 2530 604 2614 nomine
633 2528 778 2615 Lutrae
810 2520 1038 2616 Brasiiiensia
1053 2528 1319 2644 descriptum,
1346 2529 1422 2618 esse
1454 2519 1512 2618 as·

180 2659 314 2748 sinnat
347 2654 510 2773 propter
539 2675 649 2743 notas
677 2655 907 2779 addudaaa
939 2657 1222 2772 Marcgrauio,
1243 2683 1350 2772 ‘quae
1384 2656 1515 2748 insuo

178 2787 350 2878 subiedto
381 2787 533 2899 praesto
564 2785 679 2896 sunt,
712 2788 1023 2900 magnitudinem
1054 2787 1135 2874 scil.
1169 2788 1375 2876 mediocris
1391 2789 1512 2902 canit,

179 2937 295 3029 caput
334 2915 608 3003 sabrotundum
649 2932 692 2999 et
729 2917 832 3030 quasi
869 2915 1062 3029 solinum,
1103 2917 1233 3006 nasum
1265 2919 1512 3038 acutiorem,

179 3046 318 3131 oculos
352 3046 486 3151 nigros
514 3046 719 3149 rotundos,
738 3071 847 3149 utinen
875 3044 1142 3151 subrotundas,
1174 3046 1357 3151 barbam,
1390 3048 1513 3157 pedes

179 3176 222 3260 in
254 3172 423 3285 quinque
452 3171 601 3281 digitos
629 3167 765 3254 diuisos
803 3188 844 3253 et
875 3169 1062 3278 unguibus
1089 3166 1198 3254 fuscis
1229 3171 1350 3257 acutis
1380 3196 1509 3257 anna·

135 3310 137 3313 ’
179 3324 271 3410 tos,
303 3296 477 3385 interiori
506 3297 706 3407 bremon,
738 3298 840 3410 pilos
870 3296 1173 3409 modestum,
1204 3297 1510 3386 clamoremiu·
1591 3386 1614 3421 Q

180 3430 297 3515 nioris
328 3426 484 3537 catelli,
513 3424 663 3513 vidium
687 3421 935 3533 ,cammaros
1013 3422 1193 3511 Tandem
1223 3424 1378 3537 coistis,
1409 3452 1508 3541 quae

179 3558 298 3645 obiici
331 3554 496 3671 possent.
562 3554 722 3641 Lutram
763 3558 951 3641 marinam
984 3578 1065 3637 non
1097 3550 1177 3639 esse
1204 3548 1507 3643 Castorem-de·

180 3686 380 3772 monstmt.
450 3680 525 3800 1.)
557 3685 676 3803 Quod
705 3682 880 3771 diluculis
909 3684 1066 3775 castorei
1090 3683 1338 3795 receptaculis
1361 3707 1503 3777 eareat.

181 3842 206 3897 a
243 3813 258 3933 )
300 3816 419 3933 Quod
457 3814 618 3899 caudam
658 3810 818 3929 pilosam
852 3812 967 3897 instar
997 3810 1140 3899 Lutrae
1170 3812 1368 3897 obtineat„
1421 3810 1502 3933 a.)

179 3944 298 4077 Quod
337 3944 509 4039 dentium
545 3940 672 4028 sorma
709 3950 753 4027 et
782 3941 851 4028 situ
884 3952 955 4025 nec
994 3966 1072 4028 non
1104 3940 1374 4026 intestinorum
1404 3967 1503 4028 con·
1607 3956 1619 3979 '

179 4072 372 4161 stitutione
403 4095 493 4155 cum
525 4070 669 4157 castore
707 4073 747 4156 ei
779 4096 856 4157 non
887 4070 1103 4155 conueniat.
1166 4068 1257 4156 Post
1289 4069 1501 4195 adsalutant

178 4224 427 4288 externarum
477 4217 519 4281 et
558 4199 796 4306 internarum
845 4204 1010 4309 partium
1058 4196 1356 4309 descriptionem
1394 4191 1501 4289 addi't

179 4328 462 4419 obsenutiones
490 4327 687 4413 nonnullas
715 4328 965 4439 adnotatam
996 4324 1221 4411 animalium
1259 4326 1501 4441 spesiantes,

179 4460 390 4575 extisque
426 4454 602 4547 assertum
647 4457 887 4573 quorundam
925 4456 1264 4573 anatomiconnn,
1313 4451 1500 4592 tanquam

780 4584 811 4679 d
843 4588 904 4669 ί
991 4662 994 4673 .
1368 4592 1501 4677 mon·
