4475 5900
765 538 874 637 ,εσυ
1127 530 1209 621 ns
1240 456 1469 667 unsrun
1498 478 1779 653 Murrum.

946 750 1274 923 Descriptio
1334 743 1551 875 bestiae
1620 743 1914 891 marinae,

890 998 1099 1111 Drrmpiern
1110 970 1648 1103 leomarinussseeossbmc
1656 1054 1674 1109 Ι
1691 975 2097 1099 Kurillir,lsnmtscba·

772 1126 871 1216 dalis
885 1138 925 1211 et
941 1127 1066 1231 Rnffls
1095 1124 1274 1213 Kurillico
1291 1129 1430 1211 nornine
1459 1120 1679 1210 Siwutscha
1702 1118 1839 1233 disice.
1891 1111 2096 1233 nestrum

769 1246 944 1366 ininsula
973 1255 1143 1369 Berirgr‘r'
1172 1255 1210 1342 d.
1244 1277 1321 1337 20.
1353 1254 1452 1341 luun'r'
1487 1272 1621 1357 1742.

669 1537 671 1540 ,
744 1526 749 1538 .
887 1448 1063 1536 Abslinni
1094 1449 1145 1532 de
1175 1446 1349 1531 industria
1381 1472 1406 1531 a
1435 1444 1585 1557 prolixa
1615 1438 1862 1557 descriptione
1894 1439 2006 1527 huius
2038 1438 2092 1524 be·

771 1580 890 1686 ltine,
921 1578 975 1661 ob
1006 1578 1077 1683 id,
1108 1574 1211 1681 quod
1241 1595 1402 1689 euterun
1434 1574 1586 1681 tbrmn,
1618 1573 1787 1684 partium
1821 1573 1888 1657 vsu
1939 1586 1982 1655 et
2009 1568 2090 1653 stru·

724 1752 735 1771 ·
772 1708 910 1813 stum,
942 1700 1084 1814 puriter
1112 1728 1158 1789 ac
1189 1702 1339 1785 interna
1357 1701 1546 1789 viscerum
1564 1701 1833 1787 constitutione
1850 1768 1863 1810 ,
1878 1725 1953 1813 ¹per
1969 1700 2091 1783 omnin

769 1823 1021 1920 exactissime
1052 1856 1143 1915 cum
1180 1828 1268 1913 vrso
1298 1833 1452 1916 marino
1483 1832 1678 1917 coincidir.
1741 1827 1841 1917 Satis
1880 1830 1995 1940 igitur
2032 1854 2092 1943 pu·

769 1978 848 2070 to,
880 1962 909 2046 fi
938 1958 1165 2045 differentias
1193 1976 1400 2071 externus,
1433 1960 1631 2074 unicuique
1663 1958 1796 2075 primo
1813 1960 1937 2045 statim
1965 1958 2091 2043 intuitu

710 2194 715 2205 ,
767 2089 928 2194 obuius,
959 2087 1188 2172 indicauero.

885 2214 1059 2301 Pondere
1088 2210 1248 2328 duplum
1280 2214 1447 2325 pendet:
1480 2214 1645 2301 maximi
1674 2238 1797 2303 mares
1833 2219 1908 2313 36.
1940 2214 1988 2300 nd
2022 2237 2089 2319 40.

767 2344 847 2466 pud
898 2340 1047 2433 Russrcn
1084 2342 1149 2429 rel
1187 2346 1321 2424 1600.
1352 2342 1462 2427 libras
1511 2344 1692 2457 pendent.
1751 2342 2019 2457 Magnitudine
2046 2342 2092 2427 bis

768 2473 837 2558 vel
867 2472 1064 2559 maximos
1094 2487 1135 2559 et
1166 2468 1270 2557 senio
1298 2470 1493 2558 confectos
1541 2472 1646 2557 ursos
1692 2476 1863 2558 marinos
1911 2472 2087 2585 supermt

658 2650 665 2663 ·
766 2598 994 2689 Foemellae
1025 2601 1190 2687 muribus
1220 2600 1406 2706 breuiores
1435 2618 1476 2685 et
1505 2600 1719 2713 grrciliores
1741 2600 1823 2688 sunt
1840 2665 1853 2709 ‚
1870 2600 2003 2713 glabro
2018 2598 2088 2685 col·

642 2788 648 2799 ·
766 2726 1057 2835 sodomum,
1103 2728 1233 2839 rigidis
1270 2747 1312 2812 et
1341 2724 1466 2839 crispis
1497 2729 1613 2840 pilis,
1645 2731 1777 2843 quibus
1810 2756 1893 2816 mas
1925 2730 2090 2843 gaudet,

764 2856 912 2943 ibidem
947 2855 1222 2968 destituuntur,
1254 2857 1306 2943 ita
1337 2875 1378 2943 et
1408 2856 1522 2943 catuli
1549 2881 1677 2945 recens
1707 2860 1789 2945 nati
1839 2858 1927 2974 plus
1980 2858 2090 2975 duplo
2200 2936 2201 2945 r

763 2988 927 3086 iuniores
956 2983 1037 3072 sunt
1066 2985 1240 3074 ursorum
1272 2987 1415 3072 catulis.

764 3172 767 3176 ι
881 3117 1014 3203 Altera
1045 3116 1177 3228 potior
1209 3111 1416 3202 differentia
1447 3113 1657 3229 epilorum
1706 3113 1837 3202 colore
1884 3113 2090 3206 enascitur:

763 3243 861 3330 cutis
890 3265 1111 3356 compnmte
1129 3243 1297 3329 multum
1323 3243 1495 3354 crassior,
1526 3246 1653 3356 rigidis
1668 3243 1787 3330 densis
1803 3245 1889 3356 pilis
1906 3249 2089 3358 vestitu,

763 3372 930 3482 pilorum
956 3372 1069 3458 color
1082 3373 1196 3458 ruffirs
1211 3374 1286 3480 est,
1319 3390 1364 3457 vt
1395 3397 1618 3482 vaccarum,
1651 3373 1691 3460 in
1721 3371 1866 3458 senibus
1896 3377 2089 3487 pallidior,
2197 3470 2198 3478 ι

762 3497 802 3582 in
834 3501 1037 3585 iunioribus
1052 3502 1251 3610 intensior,
1270 3503 1309 3585 in
1328 3501 1511 3588 soemellis
1526 3503 1716 3610 uiuidior,
1733 3523 1779 3587 ut
1795 3503 1905 3588 color
1920 3505 2089 3612 ochrae,
2197 3549 2198 3552 κ

760 3629 874 3758 catuli
908 3631 1163 3719 castanearum
1195 3630 1325 3718 colore
1343 3631 1587 3752 iniciuntur,
1617 3633 1775 3747 quidum
1801 3634 1871 3718 vix
1888 3657 1968 3719 non
2004 3635 2087 3720 fusci

758 3757 835 3878 dici
867 3776 1074 3848 merentur.

715 3980 719 3988 ,
876 3883 1001 4000 Caput
1052 3907 1272 4004 comparate
1313 3893 1435 3980 maius
1483 3917 1598 4008 quum
1630 3892 1671 3978 in
1702 3889 1818 4001 urso,
1873 3889 1977 3980 nasus
2017 3915 2089 3977 ex-

759 4017 978 4126 porrectior
1010 4037 1052 4102 et
1080 4021 1219 4107 sursum
1251 4045 1458 4137 parumper
1489 4042 1687 4133 cornutus,
1718 4026 1846 4110 dentes
1886 4047 2089 4137 praegran-

760 4144 854 4251 des,
902 4118 1114 4264 qunbruplo
1161 4151 1353 4260 longiores
1384 4173 1423 4238 et
1453 4149 1631 4260 latiores,
1681 4177 1844 4237 numero
1880 4171 1920 4236 et
1952 4153 2089 4237 ordine

758 4276 984 4362 conueniunt
1017 4307 1106 4366 cum
1140 4280 1214 4365 vrsr
1245 4279 1384 4366 marini
1430 4283 1615 4366 dentibus.
1698 4279 1811 4365 Oculi
1867 4279 2092 4393 amplissimi

673 4493 677 4497 ,
755 4395 985 4484 ‘authorum
1018 4411 1217 4496 oculorum
1250 4409 1445 4494 maiorum
1486 4407 1707 4496 carunculae
1738 4407 1848 4493 valde
1880 4405 2090 4514 extantes,

755 4519 957 4614 Cinnabris
985 4533 1118 4618 colore
1148 4538 1335 4647 infestae,
1369 4537 1473 4622 vnde
1506 4517 1676 4624 multum
1708 4535 1913 4624 uiuidiores
1953 4537 2092 4624 viden·

2022 4683 2089 4750 tur

2200 1084 2202 1147 s
