4475 5900
737 534 831 618 aar
1006 517 1361 620 otteramno
1394 507 1773 658 aratorum

735 759 893 842 curatius
909 755 1061 842 tradidit
1077 753 1238 842 Albinus
1255 749 1338 872 (a)
1361 753 1550 864 Repetito
1565 752 1607 844 in
1627 751 1813 860 utriusque
1829 744 1936 834 sexus
1958 745 2066 832 cadr-

737 887 886 972 ueribus
913 882 1205 998 quamplurimis
1221 885 1402 968 examine
1417 878 1714 983 accuratissimo,
1747 881 1845 988 quod
1876 901 1927 960 eo
1946 881 2066 984 magis

738 1015 997 1100 commodum
1019 1014 1135 1124 ,quia
1154 1015 1195 1096 in
1212 1015 1323 1098 omni
1339 1033 1510 1122 apertnra
1533 1010 1704 1118 corporis
1730 1009 1806 1092 lroc
1842 1031 2063 1090 extremum

687 1174 690 1179 ⁴
737 1140 917 1230 facillime
933 1143 1161 1250 denudatae,
1176 1139 1331 1253 semper
1347 1137 1583 1250 deprehendi
1600 1136 1718 1220 solam
1738 1135 1980 1222 insertionem
2000 1157 2065 1243 per

737 1275 808 1357 tria
825 1255 975 1358 dentat'a
993 1290 1170 1363 extrema
1188 1270 1305 1355 tribus
1323 1267 1543 1356 inferiorum
1561 1267 1748 1350 costarum
1776 1289 1950 1350 terarum
1987 1286 2066 1348 car·

738 1399 951 1510 tilaginibus
968 1464 981 1505 ,
998 1401 1302 1509 quandoquidem
1320 1464 1333 1505 ,
1350 1395 1414 1482 sed
1431 1399 1568 1503 rarius,
1602 1395 1718 1478 etiam
1751 1395 1903 1504 quintae
1944 1392 2067 1475 costae

740 1525 860 1612 osseae
910 1529 1011 1638 parti
1068 1547 1296 1632 extremae,
1352 1528 1424 1609 'rbi
1475 1524 1514 1606 in
1561 1522 1820 1631 cartilaginem
1872 1502 2068 1607 consinu-

737 1672 815 1738 tur.
881 1653 1073 1738 Extrema
1101 1676 1232 1738 nartem
1265 1655 1352 1738 bim
1386 1654 1528 1738 maiora
1565 1650 1834 1760 priusmbeunt
1865 1652 1903 1731 in
1947 1650 2049 1730 tendi

741 1805 809 1866 nes
845 1797 1082 1892 extenuata,
1123 1783 1298 1868 maxime
1352 1779 1626 1892 longissimum.
1690 1774 1958 1866 Breuissrmtun
2009 1803 2070 1858 nn-

742 1930 828 1997 tem
859 1909 985 1996 coslac
999 1907 1194 2020 septimae
1234 1911 1440 2020 cartilagini
1476 1908 1645 1992 inseritur
1677 1909 1899 2019 plerumque
1944 1929 2069 1992 caroc-

742 2063 834 2145 um,
849 2039 1073 2149 quandoque
1091 2039 1218 2123 sterno
1234 2041 1419 2151 proxime
1435 2061 1633 2144 carneum,
1657 2058 1769 2147 atque
1787 2035 1875 2122 inde
1892 2037 2074 2124 remotius

743 2167 968 2252 teudineum
994 2163 1128 2251 sensm
1170 2167 1309 2274 latius,
1338 2192 1416 2276 quo
1447 2167 1570 2276 magis
1601 2189 1626 2248 a
1656 2163 1781 2248 sterno
1804 2163 1923 2248 distat.
1952 2163 2020 2248 Ell
2037 2164 2073 2244 in

743 2296 826 2383 aliis
853 2295 1076 2406 corporibus
1089 2291 1247 2378 insertio
1280 2297 1469 2378 omnium
1512 2295 1806 2378 extremitatum
1824 2295 1984 2402 margini
2017 2293 2072 2373 in·
2212 2391 2213 2414 Ν

745 2425 876 2511 seriori
906 2422 1088 2507 exteriori
1117 2420 1202 2508 suae
1235 2422 1460 2533 cartilaginis
1498 2423 1673 2534 emrnque
1705 2437 1812 2506 acuta
1854 2438 1894 2505 et
1942 2421 2070 2505 centris.
2212 2435 2213 2444 ‘

617 2577 621 2582 ’
718 2546 820 2644 ‘Est
849 2554 889 2635 in
919 2552 1002 2636 aliis
1033 2552 1174 2635 irenam
1216 2555 1349 2636 eadem
1384 2554 1431 2636 ud
1465 2573 1619 2661 partem
1649 2551 1854 2636 eamndem
1903 2553 2075 2638 mediam

741 2680 998 2766 anteriorem.
1043 2677 1204 2762 Obrinet
1238 2678 1315 2763 hoc
1346 2679 1522 2790 inprimis
1549 2681 1591 2764 in
1621 2699 1802 2764 extremo
1831 2681 1994 2789 medio,
2032 2695 2075 2760 rt

746 2805 1055 2918 quandoquidem
1085 2807 1193 2890 resto
1235 2807 1402 2890 tennino
1451 2806 1618 2891 desinens
1647 2833 1671 2892 a
1703 2807 1818 2894 latere
1867 2811 2074 2912 interiore,
2213 2883 2214 2904 p

747 2935 872 3023 idest
902 2934 1068 3020 slernnm
1099 2931 1258 3043 versus,
1291 2933 1512 3021 inferiorem
1545 2956 1697 3045 partem
1746 2938 1971 3049 cartilaginis
2011 2961 2074 3021 co·

741 3065 828 3151 liae
858 3063 981 3149 sertae
1013 3082 1145 3174 tangat
1178 3085 1217 3149 et
1249 3084 1374 3175 tegat,
1408 3066 1497 3150 inde
1527 3088 1624 3149 uero
1654 3064 1788 3151 sentim
1819 3068 1868 3151 ad
1898 3066 1989 3151 latre
2006 3090 2074 3150 ex·

748 3214 933 3296 remum,
959 3192 1026 3273 rbi
1045 3196 1205 3276 tertium
1223 3194 1296 3278 srue
1313 3191 1571 3304 longisbmum
1595 3212 1818 3281 extremum
1842 3196 1950 3280 iuxta
2001 3196 2074 3279 boc

750 3319 938 3405 adstendit
956 3380 968 3422 ,
986 3319 1153 3401 eirasdem
1171 3320 1396 3429 cartilaginis
1415 3320 1577 3433 margini
1595 3319 1778 3432 superiori
1798 3324 2072 3437 implantetur,

750 3466 878 3555 regens
893 3442 1061 3528 eandem
1078 3444 1141 3531 sub
1171 3444 1208 3529 se
1231 3448 1441 3533 declinem..
1485 3450 1538 3534 Et
1554 3448 1629 3535 hoc
1657 3450 1796 3539 iterum
1820 3455 1901 3537 iam
1926 3452 2075 3537 uidetur

627 3598 634 3607 ·
749 3572 940 3660 annotasse
956 3570 1206 3684 hisichius,
1238 3576 1360 3661 nbula
1379 3580 1524 3661 etenim
1542 3578 1732 3689 trigefima
1750 3574 1903 3665 secunda
1923 3581 2075 3667 exhibet

750 3702 911 3791 musculi
940 3702 1033 3787 redii
1052 3726 1230 3789 extrema
1248 3708 1460 3817 pertingere
1477 3707 1653 3791 tendioea
1670 3708 1716 3794 ad
1735 3728 1887 3821 partem
1914 3712 2073 3794 anterio

751 3858 837 3917 rem
856 3831 967 3917 srmul
984 3849 1022 3914 et
1037 3830 1277 3941 inseriorem,
1295 3835 1417 3919 tabrda
1434 3854 1563 3919 antem
1582 3835 1774 3947 trigesima
1800 3839 1909 3922 tertia
1927 3842 1975 3923 ad
1992 3862 2072 3949 prr·

751 3978 833 4045 tem
851 3960 1006 4071 quidem
1024 3962 1252 4044 anteriorem
1273 4026 1285 4067 ,
1317 3960 1374 4045 sed
1399 3980 1439 4044 et
1457 3962 1565 4046 srmul
1583 3963 1752 4050 mediam
1788 3967 1901 4051 trium
1936 3970 2076 4052 cartila-

751 4092 881 4197 ginum
908 4090 1094 4173 disiacum
1112 4090 1319 4196 cersiacum,
1337 4089 1522 4195 septimae
1538 4086 1696 4197 scilicet,
1714 4094 1839 4177 sextae
1854 4114 1896 4179 et
1912 4100 2073 4205 quintae.

867 4216 944 4299 Vbi
976 4237 1105 4302 autem
1126 4217 1278 4301 musculi
1298 4218 1391 4303 resti
1408 4218 1625 4303 abdominis
1642 4246 1726 4327 pars
1758 4222 1927 4332 superior
1954 4225 2073 4307 thoru-

751 4365 839 4427 cem
858 4341 1044 4430 adscendit
1062 4413 1075 4455 ,
1095 4374 1117 4432 a
1136 4365 1241 4459 parte
1260 4348 1437 4431 interiore
1471 4352 1578 4433 iuxta
1614 4347 1755 4435 lineam
1780 4351 1906 4439 albam
1944 4378 2077 4462 parem

751 4470 856 4556 suum
875 4466 951 4553 sere
968 4466 1117 4581 semper
1134 4483 1273 4589 tangit,
1294 4473 1519 4591 (obtinente
1542 4478 1583 4561 in
1599 4476 1781 4565 cadauere
1805 4479 1900 4566 statu
1925 4482 2074 4591 expira-

2004 4632 2075 4692 tro«

907 4754 973 4845 (a)
1011 4714 1571 4855 nnnj‘nnnssmsrrrfcrp
1598 4752 1794 4842 nxxvrlt
