4475 5900
1219 339 1249 362 '⁵
1343 372 1524 496 (1ei‘
1617 415 1625 423 ·

908 619 1061 708 Putauit
1092 565 1164 722 cl}
1186 608 1456 709 ‘Richmannus
1480 592 1679 704 nonnullis
1701 615 1803 703 hanc
1819 638 2070 730 argumentan

727 765 729 770 '
760 753 802 838 di
837 742 1095 836 methodum
1115 749 1294 834 nonnihil
1329 754 1549 860 ambiguam
1596 748 1717 831 videri
1758 743 1896 859 poffe,
1938 753 2089 835 idcirco

508 921 514 932 ·
601 937 606 950 ·
761 882 939 964 anianum
985 876 1171 986 induxit,
1211 881 1357 962 adiutus
1389 887 1417 960 'a
1448 880 1537 960 viro
1574 871 1638 959 ct.
1677 876 1981 961 Kratzensteinio
2007 905 2090 963 ex-

760 1012 1024 1119 perimentum
1067 1009 1193 1091 denuo
1231 1007 1468 1115 repetendO,
1510 1004 1642 1088 omnia
1683 1009 1735 1088 ita
1777 1005 1994 1105 instituere,
2037 1027 2089 1092 at

758 1136 926 1244 spatium
957 1137 1055 1220 nie'r'is
1085 1133 1290 1245 compreffi
1321 1159 1412 1217 cum
1445 1133 1565 1244 spatio
1599 1136 1744 1242 quod
1735 1137 1848 1219 mitio
1879 1139 1920 1218 in
1950 1136 2090 1220 tubulo

759 1262 888 1347 vitreo
919 1284 1031 1372 erat,
1074 1265 1289 1372 comparari
1320 1263 1536 1345 commode
1567 1256 1705 1372 posset

912 1391 1023 1506 Quae
1056 1391 1129 1474 hae
1163 1390 1365 1474 occasione
1398 1411 1576 1501 expettus
1608 1391 1690 1495 est,
1720 1390 1795 1475 huc
1816 1393 1894 1476 sete
1909 1393 2087 1478 redeunt.
2180 1449 2192 1472 .

761 1567 766 1578 ·
915 1545 957 1602 1.
1024 1519 1202 1624 A'e'rem,
1236 1543 1307 1600 nos
1337 1518 1607 1619 ambientem,
1642 1543 1721 1629 quo
1750 1523 2013 1608 communiter
2038 1548 2091 1606 v·

761 1649 909 1756 timur,
946 1673 1017 1756 per
1046 1645 1276 1758 preffionem
1307 1647 1506 1728 mediante
1537 1647 1769 1740 validiffimo
1801 1652 1950 1760 prelo
1938 1677 1980 1734 ιιι
2003 1654 2087 1762 spa·

758 1779 861 1861 tium
895 1777 1041 1860 centies
1071 1775 1226 1884 vigesies
1261 1775 1392 1858 minus
1431 1801 1549 1882 quam
1580 1798 1670 1860 ante
1695 1799 1994 1890 occupauerat,
2024 1805 2090 1862 re·

760 1905 841 2013 efigi
871 1903 995 2013 poffe.

917 2053 960 2110 aa
1027 2025 1143 2118 Hunc
1174 2028 1298 2138 ipsum
1328 2033 1459 2117 a'e'rem
1498 2055 1578 2141 ope
1607 2055 1725 2144 aquae
1760 2034 1979 2145 gelascentis
2007 2017 2091 2150 spass'

763 2160 862 2244 tium
903 2160 1103 2242 trecenties
1144 2158 1272 2241 minus
1311 2185 1427 2276 quam
1457 2179 1546 2245 ante
1578 2162 1899 2277 compteffionem
1931 2169 2088 2256 obtinu-

761 2305 870 2396 erat,
904 2311 1107 2397 occupare.
1228 2337 1236 2354 ·

918 2435 960 2514 a
995 2414 1175 2502 Infimui
1193 2434 1369 2520 notatam
1408 2415 1479 2504 fixit
1511 2360 1694 2509 nonnuila
1730 2421 1842 2510 frusta
1847 2421 2086 2538 Bombae,
2166 2509 2170 2514 ,

762 2541 807 2628 vi
854 2541 1040 2654 frigoris
1047 2571 1100 2634 ex
1132 2571 1229 2657 aqua
1261 2546 1471 2657 geiascente
1511 2553 1588 2636 otti
1602 2552 1872 2668 ,distrupta,
1913 2581 1986 2671 pet
2017 2559 2090 2647 ali·

667 2721 673 2730 ·
760 2690 860 2785 quot
890 2671 1014 2782 paffus
1044 2675 1215 2786 ριοῑεέὶι
1248 2674 1339 2762 effe
2054 2731 2058 2735 ·

794 2869 799 2878 .
913 2803 1142 2913 Optandum
1179 2802 1306 2888 fiaiffet
1344 2823 1391 2889 vt
1430 2834 1502 2918 per
1544 2825 1724 2920 tempus,
1763 2833 1979 2928 ceteraeque
2010 2809 2091 2904 ciri

762 2929 1002 3017 cumstantias
1033 2932 1213 3041 indagare
1242 2931 1447 3036 licuiffen
1479 2964 1529 3021 an
1559 2941 1700 3027 maiori
1731 2941 1918 3048 pteffione
1947 2949 2016 3027 aer
2044 2947 2090 3029 in

591 3062 594 3069 '
762 3062 890 3142 minus
919 3058 1106 3142 coarctati
1125 3057 1238 3161 poffit
1268 3060 1431 3163 spatium
1465 3085 1513 3138 an
1546 3058 1666 3167 secus,
1698 3064 1850 3147 fienim
1879 3072 1984 3185 prins
2013 3072 2089 3157 ob

760 3170 932 3265 tinuisset
946 3172 1044 3265 hoc
1077 3174 1228 3262 indicio
1251 3176 1384 3263 fiitffet
1408 3176 1549 3268 lImites
1578 3178 1869 3300 eompreffionis
1908 3200 2087 3285 nondum

763 3309 938 3393 detectos
978 3294 1123 3417 'effes
1156 3308 1212 3395 fin
1246 3310 1436 3443 posteriue
1472 3312 1513 3446 bi
1544 3313 1685 3403 limites
1724 3346 1774 3406 eo
1813 3324 1896 3438 ipso
1935 3322 2091 3416 fitiisent

763 3436 983 3522 inuenti.
1092 3504 1096 3511 -

764 3686 815 3766 G
843 3682 904 3760 W.
926 3684 1200 3765 R'ICHMANNI
1225 3688 1350 3769 VSVS
1373 3694 1512 3774 LEGlS
1542 3687 1852 3784 DECRFMENJTI
1875 3707 2083 3788 CADORIS

760 3776 850 3865 AD
876 3786 1202 3865 DEFINIENDAM
1234 3792 1428 3871 MEDIAM
1454 3791 1622 3875 OERTO
1648 3801 1880 3885 TEMPORIS
1904 3806 2069 3887 mme-

790 3887 963 3962 VALLO
1003 3888 1281 3967 TFMPEROEM
1306 3896 1441 3973 AERIS
1485 3899 1718 3979 OSTENSVS
1762 3908 1827 3982 ΕΤ
1866 3910 2078 3986 {NsTnv-

813 3986 1022 4064 MENTVM
1037 3990 1503 4091 METEOROLOGJCVM
1519 3999 1696 4077 NOVVM
1712 4006 1895 4085 memte
1909 4010 2032 4087 TEM-

784 4143 791 4157 .
925 4088 1077 4169 PERIEI
1102 4090 1244 4169 AERIS
1281 4094 1611 4175 INVENIENDAE
1643 4102 1920 4187 INSERVIENS.

597 4306 601 4315 .
761 4208 1028 4437 Audiet
1009 4237 1230 4355 ostendere
1247 4244 1450 4328 tentauit·
1426 4252 1682 4358 ,quomodo
1721 4258 1852 4343 media
1877 4262 2085 4371 temperies

890 4388 986 4448 aens
1016 4367 1254 4478 inueniatur,
1286 4371 1363 4489 fine
1366 4399 1472 4483 ea,
1504 4403 1629 4486 quae
1632 4380 1662 4467 fi
1689 4384 1865 4493 constans
1893 4388 1988 4473 effet
2010 4416 2083 4501 pet

1481 4536 1486 4560 ¹
1951 4535 2080 4663 tntum
