4475 5900
449 418 534 515 ou
558 416 834 519 omnmo
861 418 1209 523 inuitem
1407 440 1509 531 aa·
1631 476 1635 484 1

150 644 329 768 aequm
376 650 481 765 ena,
529 654 680 771 sequens
726 657 883 747 nocent
929 660 1064 751 ancus

1446 788 1490 874 Α

200 950 245 1024 ba
268 950 473 1049 praefitionis
497 956 680 1052 particularis
704 955 787 1028 libro
812 952 855 1027 de
867 954 1018 1046 Gallicis,
1033 955 1207 1045 Romanis,
1221 942 1387 1035 Hebraicio
1406 962 1487 1035 alio·

206 1076 346 1155 tumque
388 1051 535 1125 mensuris
558 1054 757 1151 praemissae,
782 1080 862 1156 quae
886 1058 1059 1159 sequntur:

306 1152 514 1243 „Decimum
536 1178 685 1253 quartum
711 1155 829 1229 reseret
855 1160 1034 1255 stupendum
1063 1164 1096 1231 in
1138 1165 1277 1233 numetis
1319 1169 1482 1265 ingenium

199 1272 304 1347 „tant
330 1259 365 1327 in
391 1258 583 1329 inueniendis
608 1263 769 1345 numetis,
794 1282 876 1357 quae
904 1260 1126 1360 praescriptum
1162 1268 1298 1360 partium
1331 1267 1488 1367 aliquota-

198 1378 307 1446 „rum
334 1380 500 1428 numerum
524 1355 657 1429 babeant
673 1403 686 1444 ,
713 1356 840 1457 iisque,
865 1362 887 1429 st
915 1365 1040 1457 cupias,
1065 1364 1228 1450 minimis,
1256 1367 1309 1439 vel
1332 1371 1488 1459 infinitis,

199 1478 329 1629 ”iiim
347 1462 390 1631 i?
413 1460 554 1657 iiii
575 1456 720 1652 fiii?
735 1457 1489 1655 assisinisitis‘iamiiii

198 1604 230 1753 31
237 1605 323 1731 orbe,
337 1658 502 1732 credidero
527 1664 587 1758 qui
615 1678 702 1729 tanta
728 1657 871 1732 facilitate
898 1659 1024 1731 definiat
1041 1686 1119 1733 num
1143 1688 1288 1738 numerus
1312 1668 1422 1764 aliquis
1447 1669 1489 1739 li·

204 1780 292 1853 „tet
320 1780 377 1831 12.
407 1782 465 1846 ις.
507 1780 567 1829 ao.
606 1756 716 1830 litteris
755 1759 810 1829 seu
849 1758 1064 1831 charatieribus
1102 1766 1265 1851 mittans,
1305 1769 1344 1837 fit
1367 1770 1489 1864 primus

205 1882 299 1951 „nec
339 1884 389 1931 ne.
435 1854 550 1931 Libet·
583 1858 664 1929 mihi
703 1854 878 1929 scribendus
915 1856 1034 1943 suerit,
1064 1864 1182 1963 siquae
1218 1868 1348 1961 proptio
1388 1886 1490 1941 marte

205 1958 354 2059 „absque
378 1957 491 2051 analyii
522 1964 658 2053 reperit,
696 1980 894 2028 enumerem.
932 1954 1100 2032 ,Sufficiat
1124 1961 1308 2060 exemplum
1347 1970 1489 2065 partiunt

203 2060 475 2159 ‚‚aiiquotarum,
504 2052 645 2155 velitque
668 2054 747 2127 scite
773 2054 921 2156 quispiam
949 2062 1017 2154 quis
1048 2082 1197 2131 numerus
1221 2067 1366 2135 omnium
1388 2072 1489 2141 mini·

200 2182 311 2253 „mus
339 2178 394 2241 59.
430 2174 530 2254 partes
559 2156 715 2256 aliquotas*
751 2155 900 2229 exhibeat
914 2182 927 2247 3
953 2156 1024 2228 huic
1062 2183 1197 2231 numero
1240 2183 1299 2253 59.
1339 2165 1422 2241 adde
1452 2197 1485 2245 ι.

202 2284 274 2353 „vt
299 2256 408 2330 habeas
430 2272 488 2353 σο,
514 2260 722 2355 compositum
746 2282 790 2333 ex
815 2250 862 2330 his¹
888 2263 1026 2331 numeris
1057 2288 1088 2335 2.
1109 2285 1143 2332 2.
1172 2282 1205 2346 a.
1234 2285 1270 2355 53
1317 2263 1379 2337 sese
1404 2266 1490 2339 mul·

201 2358 470 2461 ‚,tipiicantibus‚
499 2382 544 2430 ex
559 2383 698 2461 quntum
740 2382 940 2461 unoquoque
964 2360 1062 2431 ablata
1085 2364 1226 2448 unitate,
1267 2362 1426 2463 supersunt
1451 2390 1488 2448 1.

199 2484 277 2554 „t.
305 2482 341 2532 2.
371 2490 407 2550 4.
441 2460 553 2559 quibus
585 2461 729 2562 analogae
768 2458 843 2561 sunt
881 2466 1041 2559 potestates
1067 2484 1114 2562 9,
1142 2474 1198 2547 16.
1225 2487 1262 2549 7.
1292 2488 1324 2555 ς.
1350 2465 1487 2567 quaese

199 2565 367 2656 „inuicem
395 2561 627 2662 multiplicantes
654 2585 806 2661 generant
827 2584 993 2633 numerum
1017 2564 1190 2665 quaesitum
1216 2586 1347 2654 5040,
1384 2590 1484 2671 quem

202 2662 329 2757 „Plato
354 2685 519 2761 tantopere
549 2661 709 2751 laudauit,
740 2688 772 2759 ς.
798 2664 841 2737 de
864 2660 996 2765 iegibus.
1163 2678 1191 2753 J
1231 2682 1250 2751 j
1455 2688 1460 2698 ¹

305 2759 391 2849 „Ne
411 2788 493 2838 veto
520 2768 590 2862 quis
617 2764 659 2841 de
688 2764 744 2838 hac
768 2767 925 2839 methodo
965 2763 1126 2855 dubitet,
1170 2763 1239 2839 illa
1278 2788 1338 2851 59.
1382 2789 1484 2865 partes
1596 2836 1599 2843 .

201 2863 391 2964 „aliquotas
411 2862 561 2948 subicio,
583 2888 663 2963 quae
687 2869 776 2939 stmul
801 2868 925 2939 additae
950 2870 1103 2937 summam
1130 2888 1263 2952 29344·
1286 2864 1482 2957 conficiunt,

201 2989 306 3057 „cum
333 2967 377 3061 eit
400 2985 545 3034 numerus
570 2986 684 3056 5040.
710 2965 859 3052 additur,
885 2989 950 3058 quo
976 2965 1108 3060 dempto
1147 2967 1305 3061 supersunt
1341 2987 1482 3056 24304.

380 3119 613 3224 Quinquaginta
636 3147 753 3196 nouem
780 3147 879 3221 putten
904 3124 1057 3228 aliquotae
1081 3109 1217 3196 numeri

656 3219 801 3297 Platonici
830 3247 937 3314 5040·

1141 3367 1742 3412 ..nunu—..w-

891 3451 918 3530 7
1025 3453 1074 3508 21
1170 3437 1226 3526 ⁶3
1326 3453 1380 3532 as
1477 3436 1557 3531 10'5
1634 3453 1722 3536 εις
1870 3513 1889 3549 ⁵.

356 3637 409 3710 18
501 3645 553 3698 10
593 3648 791 3732 30·90
882 3647 940 3722 14
1023 3646 1081 3727 42
1174 3630 1257 3701 126
1326 3641 1382 3720 70
1472 3645 1557 3700 210
1627 3579 1755 3723 ff

260 3843 312 3896 12
351 3823 411 3916 8⁶
497 3819 648 3894 2060
741 3828 823 3900 180
881 3827 935 3901 28
1026 3828 1086 3919 84
1170 3838 1256 3918 252
1332 3839 1416 3916 140
1470 3835 1559 3914 420
1632 3827 1751 3903 1260

1624 3963 1752 3986 m

597 4034 682 4088 120
739 4018 824 4106 360
882 4014 937 4108 56
1028 4016 1109 4091 168
1170 4031 1260 4109 504
1330 4021 1415 4092 280
1473 4013 1559 4112 840
1629 4033 1751 4112 2520

158 4185 674 4319 ¹⁶itssi¹44i⁸0i240
709 4152 1753 4324 1700171013361ιο0815601168011013

156 4347 321 4372 .........
983 4341 1756 4381 ...-.......,........---....

307 4445 407 4540 „Nec
431 4449 586 4524 difficilius
606 4451 628 4520 st
656 4471 786 4550 quaerat
809 4423 1002 4536 numerum,
1026 4447 1192 4525 habentem
1201 4477 1373 4527 numerum
1405 4469 1479 4545 par-

202 4553 315 4643 „tium
341 4548 546 4652 aliquantum
567 4569 741 4652 utcumque
771 4573 950 4648 magnum,
972 4549 1064 4623 verbi
1090 4558 1188 4652 gnatia
1211 4558 1233 4626 fi
1257 4551 1345 4625 mille
1377 4568 1476 4644 portet

205 4650 374 4742 „uolueris
385 4697 400 4740 ‚
438 4650 496 4725 hic
519 4655 607 4724 enim
631 4673 777 4725 numerus
816 4665 1141 4740 ³779136000000
1151 4699 1171 4742 ,
1195 4652 1261 4726 ilias
1282 4646 1473 4726 exhibebita
