4475 5900
512 446 599 543 on
623 438 839 545 amna
864 442 1136 551 naalon.
1390 456 1493 573 aij

159 668 402 786 sensnm,
430 672 607 766 sinimis
636 678 803 793 longis
832 676 944 767 litote
973 677 1213 777 miletius:
1245 700 1359 773 canes
1385 682 1484 773 inte·

159 826 228 889 ses
258 802 348 889 asae
375 802 593 917 minent,
623 831 721 893 cane
752 806 834 895 viso
861 824 904 902 et
931 804 1141 897 sublilbote
1187 804 1289 897 latta
1336 810 1480 927 patim

158 931 305 1017 timete
333 931 466 1018 coasts
493 929 647 1021 ssbsisiic
683 930 1025 1053 seqsefocetttm
1069 951 1310 1049 occupatam
1354 938 1485 1025 donec

158 1074 321 1142 temtor
349 1058 505 1169 vestigia
544 1062 648 1145 canis
693 1058 848 1172 sequens
893 1061 1015 1151 seram
1063 1063 1261 1175 assequittn
1292 1077 1334 1147 et
1364 1061 1485 1177 ferit,

158 1186 260 1271 adeo
296 1184 434 1269 iooenti
477 1184 559 1271 sant
586 1185 678 1273 hnic
723 1188 955 1295 venationi,
998 1204 1047 1275 vt
1078 1185 1195 1301 sepe.
1216 1213 1267 1273 eo
1294 1214 1411 1303 isque
1439 1193 1482 1281 in

158 1310 281 1421 glatie
311 1327 490 1423 pesgant,
506 1330 555 1397 vt
584 1317 782 1401 continens
811 1334 921 1401 exesa
949 1312 1269 1429 conspeCitsm'lit.
1319 1314 1363 1403 Si
1393 1316 1481 1432 gla-

155 1439 237 1521 cisa
264 1460 354 1522 nans
386 1439 1000 1550 tnsne‚psocelaetmu1ta
1030 1442 1150 1550 niae,
1178 1461 1227 1529 tt
1257 1442 1485 1557 plcmmqss

153 1563 274 1671 solet,
303 1563 529 1673 aduehittn,
561 1566 719 1651 cenatio
734 1562 900 1652 huetium
919 1564 1092 1676 largior,
1125 1566 1185 1653 sed
1218 1584 1259 1653 et
1289 1570 1484 1681 periculo-

85 1760 91 1768 .
154 1690 260 1797 sios,
288 1690 382 1775 tintn
414 1690 521 1776 enin
552 1711 750 1777 τοωῑοιοο
780 1714 852 1777 nec
882 1692 1121 1799 annorsum,
1153 1718 1225 1779 nec
1253 1718 1347 1805 quac
1390 1712 1483 1793 ante

154 1817 274 1929 pedes
304 1815 494 1903 foramina
523 1820 565 1903 in
580 1817 702 1928 glacie
732 1816 835 1923 lint,
866 1817 996 1903 sidere
1028 1818 1179 1929 possunt
1195 1843 1361 1923 ,canem
1379 1884 1394 1929 ,
1412 1837 1478 1907 aut

151 1964 314 2029 coccam
343 1943 590 2029 solummodo
618 1942 811 2032 sorosnam
842 1943 1071 2053 stqnuntot:
1104 1970 1188 2029 non
1216 1944 1295 2031 fine
1326 1942 1478 2059 (luposc

153 2068 391 2156 audacissima
420 2069 517 2156 naec
548 2072 708 2155 venatio
737 2095 762 2153 ο
790 2070 1013 2155 continente
1044 2070 1160 2183 aspici
1198 2072 1350 2183 potest,
1398 2071 1481 2183 gla-

152 2199 232 2284 cies
256 2220 335 2283 vna
351 2222 445 2283 cum
460 2195 683 2283 sndisnwx
698 2194 900 2303 attoi'tut,
928 2196 1055 2281 modo
1072 2198 1331 2307 deprimitis,
1361 2220 1483 2287 vena·

151 2342 250 2409 ποια
265 2344 366 2411 mox
381 2327 422 2407 in
454 2342 609 2428 monte,
639 2324 705 2432 qui
721 2322 824 2403 breui
855 2323 1038 2411 conuallis
1052 2342 1119 2405 aut
1135 2322 1246 2407 souca
1264 2320 1359 2432 tint,
1386 2350 1479 2413 am·

126 2450 301 2555 lolam,
319 2472 420 2533 mox
450 2450 627 2540 inalmm
656 2445 869 2548 οοΙΙυυωτ,
901 2446 1139 2530 moxocuIis
1165 2444 1475 2545 subducuntutac

147 2593 384 2686 mesgtmtur.
403 2574 469 2661 Fit
483 2594 612 2659 autem
629 2570 737 2685 saepe
766 2571 841 2659 hac
871 2571 1019 2657 catione
1051 2574 1204 2660 venatio
1233 2572 1410 2663 facillima
1424 2590 1479 2665 et

147 2700 383 2815 lngiffima,
429 2701 523 2787 tium
553 2699 690 2811 glacies
721 2703 761 2788 in
790 2700 899 2785 litore
931 2698 999 2782 diu
1028 2694 1205 2785 ssbfistit:
1240 2701 1358 2787 lutrae
1403 2704 1476 2789 du·

145 2850 256 2919 rante
284 2827 437 2913 turbine
464 2827 611 2913 nesciae
638 2854 688 2913 an
718 2828 760 2913 in
789 2825 909 2937 glacie
940 2822 1005 2911 sel
1035 2826 1258 2913 continente
1297 2828 1472 2941 degant,

150 2978 213 3066 ς,
248 2981 338 3066 10,
367 2956 417 3055 acl
454 2977 509 3060 ις
548 2957 661 3042 stadia
689 2958 730 3040 in
760 2956 1022 3040 continentem
1072 2971 1245 3060 exeant,
1289 2961 1470 3058 atbonsm

144 3105 189 3172 et
218 3085 398 3182 sincicum
445 3081 599 3193 strepitu
648 3079 853 3185 scdusiae,
919 3095 1094 3188 potantes
1122 3078 1170 3162 sc
1190 3077 1313 3166 sessus
1358 3105 1469 3172 anate

144 3235 356 3328 properare
385 3195 424 3299 et
454 3211 568 3296 mans
599 3207 793 3318 ſtrepimzm
822 3202 980 3310 stadie,
1011 3204 1085 3291 hac
1116 3203 1473 3293 tationevnussie-¹

144 3365 199 3454 pe
235 3361 311 3440 ao.
344 3361 407 3447 40
437 3355 480 3423 et
511 3336 635 3449 pines
664 3334 836 3440 occidit,
867 3354 911 3416 ac
942 3329 1045 3442 pelle
1093 3355 1167 3416 sna
1216 3355 1308 3418 cunt
1352 3355 1469 3420 earne

145 3468 304 3581 potittn.
364 3463 479 3552 Dum
508 3461 669 3574 gentiles
695 3461 736 3544 in
766 3459 887 3572 glacie
916 3473 1102 3544 venantia
1132 3476 1339 3546 centonum
1389 3485 1468 3576 po-

143 3593 330 3680 tiffianum
374 3587 649 3702 circumspecte
689 3589 882 3673 rationem
912 3584 1083 3692 habent,
1113 3609 1163 3671 ne
1181 3603 1302 3671 vento
1327 3587 1463 3674 aduer-

141 3721 185 3806 so
214 3723 254 3804 in
283 3741 391 3804 mate
419 3717 653 3818 anehsntam
685 3715 789 3824 qnod
822 3709 930 3822 saepe
959 3710 1125 3821 accidit,
1155 3737 1229 3798 nec
1258 3738 1346 3809 rato
1369 3737 1462 3826 cum

142 3846 261 3960 glacie
292 3869 364 3959 pet
397 3865 458 3951 a,
487 3870 552 3952 4,
587 3863 648 3945 5,
680 3847 712 3920 6
742 3842 823 3925 dies
852 3840 893 3922 in
927 3841 1024 3924 mati
1053 3841 1265 3945 obenant,
1311 3837 1468 3957 fauente

139 3973 289 4060 sortntn
317 3991 358 4056 et
388 3990 512 4056 sento
537 3972 666 4056 denno
694 3968 927 4053 aduehuntur
957 3984 997 4049 et
1029 3963 1113 4080 isloi
1130 3968 1270 4052 inlitus
1287 3988 1464 4080 exeunte

139 4117 264 4185 vento
293 4122 347 4184 est
376 4098 447 4184 alia
478 4097 586 4210 plaga
617 4097 779 4207 spirante
807 4093 945 4205 glacies
971 4093 1173 4202 auehitur,
1211 4095 1247 4182 ss
1270 4097 1378 4182 iaxta
1410 4098 1461 4182 lis

138 4247 229 4333 ωε,
258 4244 458 4316 venatores
488 4226 668 4309 tonnnue
698 4221 864 4332 glaciem
894 4218 1194 4330 prosequuntur,
1224 4221 1318 4308 dum
1350 4225 1457 4314 enim

135 4355 275 4467 glacies
288 4376 358 4470 pet
374 4352 480 4440 diem
510 4369 575 4438 aot
602 4348 763 4439 notiem
797 4375 821 4434 a
851 4345 965 4433 litore
996 4347 1201 4464 auehitur,
1238 4366 1301 4436 tot
1329 4351 1456 4438 dentso

707 4470 744 4562 C
772 4499 795 4560 c
825 4499 849 4562 c
883 4500 911 4580 2
1308 4477 1455 4580 'lona
