<?xml version="1.0" encoding="UTF-8"?>
<!DOCTYPE html PUBLIC "-//W3C//DTD XHTML 1.0 Transitional//EN"
    "http://www.w3.org/TR/xhtml1/DTD/xhtml1-transitional.dtd">
<html xmlns="http://www.w3.org/1999/xhtml" xml:lang="en" lang="en">
 <head>
  <title>
</title>
<meta http-equiv="Content-Type" content="text/html;charset=utf-8" />
  <meta name='ocr-system' content='tesseract 3.04.00' />
  <meta name='ocr-capabilities' content='ocr_page ocr_carea ocr_par ocr_line ocrx_word'/>
</head>
<body>
  <div class='ocr_page' id='page_1' title='image "./novicommentarii12sssrgoog/novicommentarii12sssrgoog_0390.png"; bbox 0 0 4475 5900; ppageno 0'>
   <div class='ocr_carea' id='block_1_1' title="bbox 580 407 1842 615">
    <p class='ocr_par' dir='ltr' id='par_1_1' title="bbox 580 407 1842 615">
     <span class='ocr_line' id='line_1_1' title="bbox 580 407 1842 615; baseline 0.006 -62"><span class='ocrx_word' id='word_1_1' title='bbox 580 407 588 419; x_wconf 73' lang='grc'><strong><em>’</em></strong></span> <span class='ocrx_word' id='word_1_2' title='bbox 766 473 862 586; x_wconf 55' lang='lat'>254¹</span> <span class='ocrx_word' id='word_1_3' title='bbox 1123 468 1208 562; x_wconf 79' lang='lat' dir='ltr'>na</span> <span class='ocrx_word' id='word_1_4' title='bbox 1236 460 1449 563; x_wconf 77' lang='lat' dir='ltr'>raama</span> <span class='ocrx_word' id='word_1_5' title='bbox 1481 458 1751 561; x_wconf 74' lang='lat' dir='ltr'>nnuma.</span> <span class='ocrx_word' id='word_1_6' title='bbox 1805 466 1842 615; x_wconf 61' lang='grc' dir='ltr'>ᾗ</span> 
     </span>
    </p>
   </div>
   <div class='ocr_carea' id='block_1_2' title="bbox 761 692 2198 1970">
    <p class='ocr_par' dir='ltr' id='par_1_2' title="bbox 761 692 2091 923">
     <span class='ocr_line' id='line_1_2' title="bbox 761 692 2091 812; baseline -0.005 -20"><span class='ocrx_word' id='word_1_7' title='bbox 761 708 911 793; x_wconf 81' lang='lat' dir='ltr'>tinente</span> <span class='ocrx_word' id='word_1_8' title='bbox 939 702 1096 809; x_wconf 72' lang='lat' dir='ltr'>eluunt,</span> <span class='ocrx_word' id='word_1_9' title='bbox 1131 699 1223 788; x_wconf 83' lang='lat' dir='ltr'>haec</span> <span class='ocrx_word' id='word_1_10' title='bbox 1256 726 1314 787; x_wconf 86' lang='lat' dir='ltr'>res</span> <span class='ocrx_word' id='word_1_11' title='bbox 1345 726 1412 789; x_wconf 91' lang='lat' dir='ltr'>me</span> <span class='ocrx_word' id='word_1_12' title='bbox 1444 700 1567 812; x_wconf 85' lang='lat' dir='ltr'>magis</span> <span class='ocrx_word' id='word_1_13' title='bbox 1584 692 1857 803; x_wconf 85' lang='lat' dir='ltr'>confirmabat,</span> <span class='ocrx_word' id='word_1_14' title='bbox 1888 714 1935 783; x_wconf 81' lang='lat' dir='ltr'>vt</span> <span class='ocrx_word' id='word_1_15' title='bbox 1952 698 2091 793; x_wconf 83' lang='lat' dir='ltr'>animal</span> 
     </span>
     <span class='ocr_line' id='line_1_3' title="bbox 766 828 1875 923; baseline -0.013 0"><span class='ocrx_word' id='word_1_16' title='bbox 766 834 845 923; x_wconf 85' lang='lat' dir='ltr'>lt&#39;oe</span> <span class='ocrx_word' id='word_1_17' title='bbox 878 830 965 917; x_wconf 82' lang='lat' dir='ltr'>vrso</span> <span class='ocrx_word' id='word_1_18' title='bbox 994 834 1031 915; x_wconf 84' lang='lat' dir='ltr'>se</span> <span class='ocrx_word' id='word_1_19' title='bbox 1063 848 1194 916; x_wconf 84' lang='lat' dir='ltr'>namra</span> <span class='ocrx_word' id='word_1_20' title='bbox 1227 828 1490 915; x_wconf 84' lang='lat' dir='ltr'>affimilanttm</span> <span class='ocrx_word' id='word_1_21' title='bbox 1522 828 1649 912; x_wconf 78' lang='lat' dir='ltr'>vrsrun</span> <span class='ocrx_word' id='word_1_22' title='bbox 1679 848 1875 910; x_wconf 71' lang='lat' dir='ltr'>notarem.</span> 
     </span>
    </p>

    <p class='ocr_par' dir='ltr' id='par_1_3' title="bbox 765 954 2198 1970">
     <span class='ocr_line' id='line_1_4' title="bbox 765 954 2095 1166; baseline -0.002 -119"><span class='ocrx_word' id='word_1_23' title='bbox 765 990 769 997; x_wconf 90' lang='lat'>·</span> <span class='ocrx_word' id='word_1_24' title='bbox 880 957 1143 1048; x_wconf 85' lang='lat' dir='ltr'>Concubitum</span> <span class='ocrx_word' id='word_1_25' title='bbox 1176 978 1360 1043; x_wconf 84' lang='lat' dir='ltr'>exercent</span> <span class='ocrx_word' id='word_1_26' title='bbox 1375 1058 1379 1067; x_wconf 9' lang='lat' dir='ltr'>g</span> <span class='ocrx_word' id='word_1_27' title='bbox 1392 982 1503 1043; x_wconf 89' lang='lat' dir='ltr'>more</span> <span class='ocrx_word' id='word_1_28' title='bbox 1532 954 1742 1166; x_wconf 52' lang='lat' dir='ltr'>boniagri</span> <span class='ocrx_word' id='word_1_29' title='bbox 1770 955 1823 1039; x_wconf 89' lang='lat' dir='ltr'>ita</span> <span class='ocrx_word' id='word_1_30' title='bbox 1853 974 1901 1039; x_wconf 84' lang='lat' dir='ltr'>ut</span> <span class='ocrx_word' id='word_1_31' title='bbox 1933 982 2021 1043; x_wconf 86' lang='lat' dir='ltr'>mas</span> <span class='ocrx_word' id='word_1_32' title='bbox 2037 959 2095 1043; x_wconf 85' lang='lat' dir='ltr'>in·</span> 
     </span>
     <span class='ocr_line' id='line_1_5' title="bbox 767 1083 2090 1199; baseline -0.007 -21"><span class='ocrx_word' id='word_1_33' title='bbox 767 1089 885 1178; x_wconf 83' lang='lat' dir='ltr'>cubus</span> <span class='ocrx_word' id='word_1_34' title='bbox 915 1086 1095 1174; x_wconf 85' lang='lat' dir='ltr'>foenrella</span> <span class='ocrx_word' id='word_1_35' title='bbox 1126 1083 1282 1175; x_wconf 85' lang='lat' dir='ltr'>succuba</span> <span class='ocrx_word' id='word_1_36' title='bbox 1311 1087 1357 1172; x_wconf 86' lang='lat' dir='ltr'>srt</span> <span class='ocrx_word' id='word_1_37' title='bbox 1373 1094 1399 1193; x_wconf 79' lang='lat'>,&#39;</span> <span class='ocrx_word' id='word_1_38' title='bbox 1415 1086 1618 1198; x_wconf 89' lang='lat' dir='ltr'>praecipue</span> <span class='ocrx_word' id='word_1_39' title='bbox 1646 1110 1667 1168; x_wconf 89' lang='lat' dir='ltr'>a</span> <span class='ocrx_word' id='word_1_40' title='bbox 1710 1106 1774 1166; x_wconf 91' lang='lat' dir='ltr'>em</span> <span class='ocrx_word' id='word_1_41' title='bbox 1818 1084 1915 1169; x_wconf 88' lang='lat' dir='ltr'>circa</span> <span class='ocrx_word' id='word_1_42' title='bbox 1967 1086 2090 1199; x_wconf 75' lang='lat' dir='ltr'>vespe</span> 
     </span>
     <span class='ocr_line' id='line_1_6' title="bbox 767 1214 2088 1327; baseline -0.005 -20"><span class='ocrx_word' id='word_1_43' title='bbox 767 1242 854 1307; x_wconf 83' lang='lat' dir='ltr'>ram</span> <span class='ocrx_word' id='word_1_44' title='bbox 886 1218 1055 1302; x_wconf 75' lang='lat' dir='ltr'>venereis</span> <span class='ocrx_word' id='word_1_45' title='bbox 1086 1216 1274 1301; x_wconf 73' lang='lat' dir='ltr'>exercitiis</span> <span class='ocrx_word' id='word_1_46' title='bbox 1290 1214 1453 1299; x_wconf 89' lang='lat' dir='ltr'>inhiant:</span> <span class='ocrx_word' id='word_1_47' title='bbox 1479 1214 1616 1299; x_wconf 87' lang='lat' dir='ltr'>horam</span> <span class='ocrx_word' id='word_1_48' title='bbox 1648 1231 1760 1297; x_wconf 87' lang='lat' dir='ltr'>antea</span> <span class='ocrx_word' id='word_1_49' title='bbox 1778 1227 1858 1295; x_wconf 86' lang='lat' dir='ltr'>tam</span> <span class='ocrx_word' id='word_1_50' title='bbox 1879 1238 1965 1300; x_wconf 89' lang='lat' dir='ltr'>mas</span> <span class='ocrx_word' id='word_1_51' title='bbox 1981 1238 2088 1327; x_wconf 90' lang='lat' dir='ltr'>quarn</span> 
     </span>
     <span class='ocr_line' id='line_1_7' title="bbox 767 1338 2089 1453; baseline -0.003 -21"><span class='ocrx_word' id='word_1_52' title='bbox 767 1346 949 1433; x_wconf 84' lang='lat' dir='ltr'>foemella</span> <span class='ocrx_word' id='word_1_53' title='bbox 978 1346 1018 1429; x_wconf 90' lang='lat' dir='ltr'>in</span> <span class='ocrx_word' id='word_1_54' title='bbox 1048 1368 1157 1429; x_wconf 89' lang='lat' dir='ltr'>mare</span> <span class='ocrx_word' id='word_1_55' title='bbox 1188 1342 1223 1427; x_wconf 88' lang='lat' dir='ltr'>se</span> <span class='ocrx_word' id='word_1_56' title='bbox 1254 1342 1470 1453; x_wconf 85' lang='lat' dir='ltr'>recipiunt,</span> <span class='ocrx_word' id='word_1_57' title='bbox 1503 1365 1578 1426; x_wconf 82' lang='lat' dir='ltr'>vna</span> <span class='ocrx_word' id='word_1_58' title='bbox 1609 1338 1761 1451; x_wconf 78' lang='lat' dir='ltr'>placide</span> <span class='ocrx_word' id='word_1_59' title='bbox 1794 1358 1958 1453; x_wconf 88' lang='lat' dir='ltr'>natant,</span> <span class='ocrx_word' id='word_1_60' title='bbox 2009 1344 2089 1428; x_wconf 90' lang='lat' dir='ltr'>dein</span> 
     </span>
     <span class='ocr_line' id='line_1_8' title="bbox 765 1466 2198 1585; baseline -0.003 -25"><span class='ocrx_word' id='word_1_61' title='bbox 765 1496 845 1560; x_wconf 76' lang='lat' dir='ltr'>una</span> <span class='ocrx_word' id='word_1_62' title='bbox 878 1489 1129 1576; x_wconf 87' lang='lat' dir='ltr'>reuertuntur,</span> <span class='ocrx_word' id='word_1_63' title='bbox 1147 1469 1327 1556; x_wconf 86' lang='lat' dir='ltr'>foemella</span> <span class='ocrx_word' id='word_1_64' title='bbox 1358 1469 1488 1581; x_wconf 87' lang='lat' dir='ltr'>supina</span> <span class='ocrx_word' id='word_1_65' title='bbox 1516 1472 1559 1557; x_wconf 91' lang='lat' dir='ltr'>in</span> <span class='ocrx_word' id='word_1_66' title='bbox 1588 1466 1702 1554; x_wconf 91' lang='lat' dir='ltr'>dorso</span> <span class='ocrx_word' id='word_1_67' title='bbox 1733 1469 1854 1577; x_wconf 87' lang='lat' dir='ltr'>iacet,</span> <span class='ocrx_word' id='word_1_68' title='bbox 1887 1494 1973 1556; x_wconf 88' lang='lat' dir='ltr'>mas</span> <span class='ocrx_word' id='word_1_69' title='bbox 2005 1494 2091 1557; x_wconf 83' lang='lat' dir='ltr'>vero</span> <span class='ocrx_word' id='word_1_70' title='bbox 2197 1523 2198 1585; x_wconf 38' lang='grc' dir='ltr'>ς</span> 
     </span>
     <span class='ocr_line' id='line_1_9' title="bbox 769 1594 2198 1709; baseline -0.001 -24"><span class='ocrx_word' id='word_1_71' title='bbox 769 1602 927 1685; x_wconf 79' lang='lat' dir='ltr'>emaci</span> <span class='ocrx_word' id='word_1_72' title='bbox 958 1598 1202 1709; x_wconf 72' lang='lat' dir='ltr'>superauerit,</span> <span class='ocrx_word' id='word_1_73' title='bbox 1235 1596 1481 1684; x_wconf 79' lang='lat' dir='ltr'>anterioribus</span> <span class='ocrx_word' id='word_1_74' title='bbox 1512 1596 1669 1709; x_wconf 82' lang='lat' dir='ltr'>pedibus</span> <span class='ocrx_word' id='word_1_75' title='bbox 1699 1596 1879 1708; x_wconf 75' lang='lat' dir='ltr'>malxus,</span> <span class='ocrx_word' id='word_1_76' title='bbox 1922 1600 2093 1685; x_wconf 86' lang='lat' dir='ltr'>maximo</span> <span class='ocrx_word' id='word_1_77' title='bbox 2196 1594 2198 1671; x_wconf 69' lang='lat' dir='ltr'>l</span> 
     </span>
     <span class='ocr_line' id='line_1_10' title="bbox 767 1722 2090 1833; baseline -0.001 -20"><span class='ocrx_word' id='word_1_78' title='bbox 767 1726 916 1813; x_wconf 70' lang='lat' dir='ltr'>lernore</span> <span class='ocrx_word' id='word_1_79' title='bbox 946 1726 1144 1813; x_wconf 87' lang='lat' dir='ltr'>libidinem</span> <span class='ocrx_word' id='word_1_80' title='bbox 1176 1744 1361 1833; x_wconf 76' lang='lat' dir='ltr'>exercet,</span> <span class='ocrx_word' id='word_1_81' title='bbox 1402 1746 1443 1811; x_wconf 89' lang='lat' dir='ltr'>et</span> <span class='ocrx_word' id='word_1_82' title='bbox 1474 1722 1538 1810; x_wconf 88' lang='lat' dir='ltr'>sub</span> <span class='ocrx_word' id='word_1_83' title='bbox 1570 1726 1648 1810; x_wconf 88' lang='lat' dir='ltr'>hoe</span> <span class='ocrx_word' id='word_1_84' title='bbox 1680 1724 1758 1809; x_wconf 91' lang='lat' dir='ltr'>lusu</span> <span class='ocrx_word' id='word_1_85' title='bbox 1788 1725 2014 1811; x_wconf 87' lang='lat' dir='ltr'>foemellam</span> <span class='ocrx_word' id='word_1_86' title='bbox 2045 1728 2090 1813; x_wconf 82' lang='lat' dir='ltr'>itt</span> 
     </span>
     <span class='ocr_line' id='line_1_11' title="bbox 766 1851 2092 1970; baseline 0.002 -30"><span class='ocrx_word' id='word_1_87' title='bbox 766 1851 921 1970; x_wconf 82' lang='lat' dir='ltr'>preinlt</span> <span class='ocrx_word' id='word_1_88' title='bbox 951 1872 993 1941; x_wconf 90' lang='lat' dir='ltr'>et</span> <span class='ocrx_word' id='word_1_89' title='bbox 1025 1854 1199 1964; x_wconf 87' lang='lat' dir='ltr'>pondere</span> <span class='ocrx_word' id='word_1_90' title='bbox 1232 1852 1297 1941; x_wconf 89' lang='lat' dir='ltr'>suo</span> <span class='ocrx_word' id='word_1_91' title='bbox 1327 1855 1370 1939; x_wconf 90' lang='lat' dir='ltr'>in</span> <span class='ocrx_word' id='word_1_92' title='bbox 1401 1854 1557 1939; x_wconf 80' lang='lat' dir='ltr'>arenam</span> <span class='ocrx_word' id='word_1_93' title='bbox 1590 1854 1813 1965; x_wconf 85' lang='lat' dir='ltr'>demergit,</span> <span class='ocrx_word' id='word_1_94' title='bbox 1842 1872 1887 1938; x_wconf 84' lang='lat' dir='ltr'>ut</span> <span class='ocrx_word' id='word_1_95' title='bbox 1916 1854 2018 1941; x_wconf 81' lang='lat' dir='ltr'>nihil</span> <span class='ocrx_word' id='word_1_96' title='bbox 2035 1856 2092 1943; x_wconf 83' lang='lat' dir='ltr'>nin</span> 
     </span>
    </p>
   </div>
   <div class='ocr_carea' id='block_1_3' title="bbox 575 1981 2093 2227">
    <p class='ocr_par' dir='ltr' id='par_1_4' title="bbox 575 1981 2093 2227">
     <span class='ocr_line' id='line_1_12' title="bbox 575 1981 2093 2096; baseline 0.002 -28"><span class='ocrx_word' id='word_1_97' title='bbox 575 2054 582 2068; x_wconf 89' lang='lat'><strong><em>.</em></strong></span> <span class='ocrx_word' id='word_1_98' title='bbox 769 2002 884 2096; x_wconf 88' lang='lat' dir='ltr'>caput</span> <span class='ocrx_word' id='word_1_99' title='bbox 914 1984 1112 2091; x_wconf 85' lang='lat' dir='ltr'>emineat,</span> <span class='ocrx_word' id='word_1_100' title='bbox 1145 1981 1224 2094; x_wconf 87' lang='lat' dir='ltr'>ipse</span> <span class='ocrx_word' id='word_1_101' title='bbox 1256 2006 1352 2068; x_wconf 80' lang='lat' dir='ltr'>uero</span> <span class='ocrx_word' id='word_1_102' title='bbox 1386 1984 1542 2093; x_wconf 80' lang='lat' dir='ltr'>pedibus</span> <span class='ocrx_word' id='word_1_103' title='bbox 1573 1981 1817 2067; x_wconf 77' lang='lat' dir='ltr'>anterioribus</span> <span class='ocrx_word' id='word_1_104' title='bbox 1849 1982 1948 2077; x_wconf 85' lang='lat' dir='ltr'>adeo</span> <span class='ocrx_word' id='word_1_105' title='bbox 1964 1984 2007 2069; x_wconf 89' lang='lat' dir='ltr'>in</span> <span class='ocrx_word' id='word_1_106' title='bbox 2022 2009 2093 2071; x_wconf 86' lang='lat' dir='ltr'>ate·</span> 
     </span>
     <span class='ocr_line' id='line_1_13' title="bbox 635 2108 2093 2227; baseline 0.003 -31"><span class='ocrx_word' id='word_1_107' title='bbox 635 2166 639 2171; x_wconf 91' lang='lat'><em>-</em></span> <span class='ocrx_word' id='word_1_108' title='bbox 769 2132 865 2197; x_wconf 88' lang='lat' dir='ltr'>narn</span> <span class='ocrx_word' id='word_1_109' title='bbox 895 2108 1116 2218; x_wconf 83' lang='lat' dir='ltr'>descendit,</span> <span class='ocrx_word' id='word_1_110' title='bbox 1147 2129 1194 2193; x_wconf 84' lang='lat' dir='ltr'>vt</span> <span class='ocrx_word' id='word_1_111' title='bbox 1226 2110 1383 2194; x_wconf 87' lang='lat' dir='ltr'>tandem</span> <span class='ocrx_word' id='word_1_112' title='bbox 1417 2128 1505 2194; x_wconf 93' lang='lat' dir='ltr'>toto</span> <span class='ocrx_word' id='word_1_113' title='bbox 1534 2129 1669 2195; x_wconf 76' lang='lat' dir='ltr'>ventre</span> <span class='ocrx_word' id='word_1_114' title='bbox 1698 2108 1917 2197; x_wconf 84' lang='lat' dir='ltr'>foemellam</span> <span class='ocrx_word' id='word_1_115' title='bbox 1950 2134 2093 2227; x_wconf 85' lang='lat' dir='ltr'>premat</span> 
     </span>
    </p>
   </div>
   <div class='ocr_carea' id='block_1_4' title="bbox 639 2232 2101 3644">
    <p class='ocr_par' dir='ltr' id='par_1_5' title="bbox 639 2232 2101 3246">
     <span class='ocr_line' id='line_1_14' title="bbox 771 2232 2095 2355; baseline 0.003 -32"><span class='ocrx_word' id='word_1_116' title='bbox 771 2254 812 2323; x_wconf 84' lang='lat' dir='ltr'>et</span> <span class='ocrx_word' id='word_1_117' title='bbox 842 2236 1057 2347; x_wconf 86' lang='lat' dir='ltr'>contingat·</span> <span class='ocrx_word' id='word_1_118' title='bbox 1115 2232 1271 2321; x_wconf 91' lang='lat' dir='ltr'>Locum</span> <span class='ocrx_word' id='word_1_119' title='bbox 1303 2234 1449 2347; x_wconf 85' lang='lat' dir='ltr'>eligunt</span> <span class='ocrx_word' id='word_1_120' title='bbox 1479 2232 1604 2347; x_wconf 86' lang='lat' dir='ltr'>ipsum</span> <span class='ocrx_word' id='word_1_121' title='bbox 1636 2238 1725 2325; x_wconf 79' lang='lat' dir='ltr'>lime</span> <span class='ocrx_word' id='word_1_122' title='bbox 1761 2236 1993 2351; x_wconf 82' lang='lat' dir='ltr'>arenosum,</span> <span class='ocrx_word' id='word_1_123' title='bbox 2030 2271 2095 2355; x_wconf 81' lang='lat' dir='ltr'>qm</span> 
     </span>
     <span class='ocr_line' id='line_1_15' title="bbox 769 2360 2095 2484; baseline 0.005 -33"><span class='ocrx_word' id='word_1_124' title='bbox 769 2366 884 2453; x_wconf 78' lang='lat' dir='ltr'>undis</span> <span class='ocrx_word' id='word_1_125' title='bbox 910 2363 1081 2451; x_wconf 88' lang='lat' dir='ltr'>hucdum</span> <span class='ocrx_word' id='word_1_126' title='bbox 1113 2360 1297 2474; x_wconf 85' lang='lat' dir='ltr'>alluitur,</span> <span class='ocrx_word' id='word_1_127' title='bbox 1329 2364 1428 2449; x_wconf 91' lang='lat' dir='ltr'>adeo</span> <span class='ocrx_word' id='word_1_128' title='bbox 1459 2365 1593 2451; x_wconf 87' lang='lat' dir='ltr'>intenti</span> <span class='ocrx_word' id='word_1_129' title='bbox 1626 2386 1667 2451; x_wconf 90' lang='lat' dir='ltr'>et</span> <span class='ocrx_word' id='word_1_130' title='bbox 1695 2366 1870 2454; x_wconf 85' lang='lat' dir='ltr'>obliuioli</span> <span class='ocrx_word' id='word_1_131' title='bbox 1902 2366 1956 2455; x_wconf 80' lang='lat' dir='ltr'>lui</span> <span class='ocrx_word' id='word_1_132' title='bbox 1989 2371 2095 2484; x_wconf 80' lang='lat' dir='ltr'>iplius</span> 
     </span>
     <span class='ocr_line' id='line_1_16' title="bbox 656 2492 2094 2606; baseline 0.007 -29"><span class='ocrx_word' id='word_1_133' title='bbox 656 2595 659 2606; x_wconf 25' lang='grc' dir='ltr'>Ι</span> <span class='ocrx_word' id='word_1_134' title='bbox 768 2497 879 2603; x_wconf 80' lang='lat' dir='ltr'>ssmt,</span> <span class='ocrx_word' id='word_1_135' title='bbox 911 2512 958 2577; x_wconf 80' lang='lat' dir='ltr'>rt</span> <span class='ocrx_word' id='word_1_136' title='bbox 989 2492 1191 2605; x_wconf 81' lang='lat' dir='ltr'>pltnqttam</span> <span class='ocrx_word' id='word_1_137' title='bbox 1225 2516 1294 2605; x_wconf 91' lang='lat' dir='ltr'>per</span> <span class='ocrx_word' id='word_1_138' title='bbox 1324 2492 1571 2605; x_wconf 78' lang='lat' dir='ltr'>quadrantem</span> <span class='ocrx_word' id='word_1_139' title='bbox 1603 2496 1725 2582; x_wconf 88' lang='lat' dir='ltr'>horae</span> <span class='ocrx_word' id='word_1_140' title='bbox 1756 2494 1936 2582; x_wconf 85' lang='lat' dir='ltr'>scortaoti</span> <span class='ocrx_word' id='word_1_141' title='bbox 1983 2500 2094 2586; x_wconf 85' lang='lat' dir='ltr'>adsta·</span> 
     </span>
     <span class='ocr_line' id='line_1_17' title="bbox 639 2619 2096 2739; baseline 0.005 -32"><span class='ocrx_word' id='word_1_142' title='bbox 639 2663 643 2671; x_wconf 93' lang='lat'>·</span> <span class='ocrx_word' id='word_1_143' title='bbox 704 2733 707 2739; x_wconf 20' lang='grc' dir='ltr'>Ι</span> <span class='ocrx_word' id='word_1_144' title='bbox 769 2646 891 2727; x_wconf 86' lang='lat' dir='ltr'>rem,</span> <span class='ocrx_word' id='word_1_145' title='bbox 922 2638 1125 2730; x_wconf 82' lang='lat' dir='ltr'>antequam</span> <span class='ocrx_word' id='word_1_146' title='bbox 1156 2642 1224 2705; x_wconf 89' lang='lat' dir='ltr'>me</span> <span class='ocrx_word' id='word_1_147' title='bbox 1253 2619 1500 2728; x_wconf 86' lang='lat' dir='ltr'>obseruaret,</span> <span class='ocrx_word' id='word_1_148' title='bbox 1531 2647 1603 2707; x_wconf 91' lang='lat' dir='ltr'>nec</span> <span class='ocrx_word' id='word_1_149' title='bbox 1633 2624 1882 2734; x_wconf 82' lang='lat' dir='ltr'>obsennffet,</span> <span class='ocrx_word' id='word_1_150' title='bbox 1912 2628 1982 2713; x_wconf 89' lang='lat' dir='ltr'>nili</span> <span class='ocrx_word' id='word_1_151' title='bbox 2020 2654 2096 2715; x_wconf 83' lang='lat' dir='ltr'>tna·</span> 
     </span>
     <span class='ocr_line' id='line_1_18' title="bbox 768 2745 2096 2864; baseline 0.007 -29"><span class='ocrx_word' id='word_1_152' title='bbox 768 2772 826 2835; x_wconf 90' lang='lat' dir='ltr'>nu</span> <span class='ocrx_word' id='word_1_153' title='bbox 857 2745 1069 2860; x_wconf 85' lang='lat' dir='ltr'>colaphum</span> <span class='ocrx_word' id='word_1_154' title='bbox 1099 2746 1374 2861; x_wconf 85' lang='lat' dir='ltr'>impegiliem‚</span> <span class='ocrx_word' id='word_1_155' title='bbox 1415 2774 1469 2833; x_wconf 85' lang='lat' dir='ltr'>ex</span> <span class='ocrx_word' id='word_1_156' title='bbox 1496 2775 1578 2864; x_wconf 86' lang='lat' dir='ltr'>quo</span> <span class='ocrx_word' id='word_1_157' title='bbox 1617 2752 1715 2839; x_wconf 87' lang='lat' dir='ltr'>adeo</span> <span class='ocrx_word' id='word_1_158' title='bbox 1761 2754 1876 2839; x_wconf 88' lang='lat' dir='ltr'>iratus</span> <span class='ocrx_word' id='word_1_159' title='bbox 1922 2759 2096 2844; x_wconf 89' lang='lat' dir='ltr'>maximo</span> 
     </span>
     <span class='ocr_line' id='line_1_19' title="bbox 770 2872 2098 3002; baseline 0.008 -39"><span class='ocrx_word' id='word_1_160' title='bbox 770 2872 930 2963; x_wconf 77' lang='lat' dir='ltr'>fremitu</span> <span class='ocrx_word' id='word_1_161' title='bbox 959 2893 1026 2962; x_wconf 87' lang='lat' dir='ltr'>me</span> <span class='ocrx_word' id='word_1_162' title='bbox 1056 2874 1262 2988; x_wconf 74' lang='lat' dir='ltr'>beelim,</span> <span class='ocrx_word' id='word_1_163' title='bbox 1293 2895 1340 2963; x_wconf 80' lang='lat' dir='ltr'>rr</span> <span class='ocrx_word' id='word_1_164' title='bbox 1370 2902 1482 2990; x_wconf 84' lang='lat' dir='ltr'>aegre</span> <span class='ocrx_word' id='word_1_165' title='bbox 1514 2902 1584 2965; x_wconf 88' lang='lat' dir='ltr'>me</span> <span class='ocrx_word' id='word_1_166' title='bbox 1615 2876 1870 3002; x_wconf 83' lang='lat' dir='ltr'>linriperem,</span> <span class='ocrx_word' id='word_1_167' title='bbox 1910 2882 1978 2970; x_wconf 88' lang='lat' dir='ltr'>ille</span> <span class='ocrx_word' id='word_1_168' title='bbox 2011 2910 2098 2974; x_wconf 82' lang='lat' dir='ltr'>reto</span> 
     </span>
     <span class='ocr_line' id='line_1_20' title="bbox 771 3001 2101 3126; baseline 0.011 -37"><span class='ocrx_word' id='word_1_169' title='bbox 771 3001 1025 3090; x_wconf 88' lang='lat' dir='ltr'>nihilominus</span> <span class='ocrx_word' id='word_1_170' title='bbox 1075 3027 1144 3092; x_wconf 88' lang='lat' dir='ltr'>me</span> <span class='ocrx_word' id='word_1_171' title='bbox 1190 3005 1344 3092; x_wconf 84' lang='lat' dir='ltr'>eminus</span> <span class='ocrx_word' id='word_1_172' title='bbox 1389 3007 1573 3118; x_wconf 71' lang='lat' dir='ltr'>aldene,</span> <span class='ocrx_word' id='word_1_173' title='bbox 1622 3011 1723 3124; x_wconf 92' lang='lat' dir='ltr'>quod</span> <span class='ocrx_word' id='word_1_174' title='bbox 1775 3032 1988 3126; x_wconf 87' lang='lat' dir='ltr'>coeperat,</span> <span class='ocrx_word' id='word_1_175' title='bbox 2040 3019 2101 3106; x_wconf 91' lang='lat' dir='ltr'>ab·</span> 
     </span>
     <span class='ocr_line' id='line_1_21' title="bbox 768 3123 2100 3246; baseline 0.007 -28"><span class='ocrx_word' id='word_1_176' title='bbox 768 3127 882 3218; x_wconf 81' lang='lat' dir='ltr'>soluit</span> <span class='ocrx_word' id='word_1_177' title='bbox 913 3155 1012 3242; x_wconf 85' lang='lat' dir='ltr'>opus</span> <span class='ocrx_word' id='word_1_178' title='bbox 1043 3156 1115 3242; x_wconf 88' lang='lat' dir='ltr'>per</span> <span class='ocrx_word' id='word_1_179' title='bbox 1144 3132 1310 3245; x_wconf 87' lang='lat' dir='ltr'>integrm</span> <span class='ocrx_word' id='word_1_180' title='bbox 1350 3137 1599 3246; x_wconf 76' lang='lat' dir='ltr'>quadrantem</span> <span class='ocrx_word' id='word_1_181' title='bbox 1645 3137 1781 3226; x_wconf 86' lang='lat' dir='ltr'>horae.</span> <span class='ocrx_word' id='word_1_182' title='bbox 2095 3123 2100 3134; x_wconf 73' lang='grc'><strong>’</strong></span> 
     </span>
    </p>

    <p class='ocr_par' dir='ltr' id='par_1_6' title="bbox 768 3259 2101 3644">
     <span class='ocr_line' id='line_1_22' title="bbox 887 3259 2099 3371; baseline 0.018 -28"><span class='ocrx_word' id='word_1_183' title='bbox 887 3259 1106 3371; x_wconf 85' lang='lat' dir='ltr'>Triplicem</span> <span class='ocrx_word' id='word_1_184' title='bbox 1141 3259 1238 3347; x_wconf 89' lang='lat' dir='ltr'>haee</span> <span class='ocrx_word' id='word_1_185' title='bbox 1266 3261 1443 3348; x_wconf 88' lang='lat' dir='ltr'>animalia</span> <span class='ocrx_word' id='word_1_186' title='bbox 1460 3291 1599 3350; x_wconf 83' lang='lat' dir='ltr'>uocem</span> <span class='ocrx_word' id='word_1_187' title='bbox 1632 3265 1763 3355; x_wconf 90' lang='lat' dir='ltr'>edunt.</span> <span class='ocrx_word' id='word_1_188' title='bbox 1798 3269 1911 3358; x_wconf 86' lang='lat' dir='ltr'>Dutn</span> <span class='ocrx_word' id='word_1_189' title='bbox 1936 3276 1985 3362; x_wconf 90' lang='lat' dir='ltr'>ad</span> <span class='ocrx_word' id='word_1_190' title='bbox 2004 3293 2099 3365; x_wconf 88' lang='lat' dir='ltr'>tern-</span> 
     </span>
     <span class='ocr_line' id='line_1_23' title="bbox 768 3383 2101 3509; baseline 0.017 -38"><span class='ocrx_word' id='word_1_191' title='bbox 768 3411 843 3501; x_wconf 86' lang='lat' dir='ltr'>pus</span> <span class='ocrx_word' id='word_1_192' title='bbox 872 3383 1077 3474; x_wconf 78' lang='lat' dir='ltr'>labendum</span> <span class='ocrx_word' id='word_1_193' title='bbox 1110 3391 1151 3474; x_wconf 93' lang='lat' dir='ltr'>in</span> <span class='ocrx_word' id='word_1_194' title='bbox 1183 3391 1403 3476; x_wconf 89' lang='lat' dir='ltr'>continente</span> <span class='ocrx_word' id='word_1_195' title='bbox 1434 3393 1598 3478; x_wconf 81' lang='lat' dir='ltr'>iacentes</span> <span class='ocrx_word' id='word_1_196' title='bbox 1614 3394 1812 3509; x_wconf 83' lang='lat' dir='ltr'>clamant,</span> <span class='ocrx_word' id='word_1_197' title='bbox 1843 3427 1929 3488; x_wconf 81' lang='lat' dir='ltr'>vox</span> <span class='ocrx_word' id='word_1_198' title='bbox 1945 3431 1968 3489; x_wconf 88' lang='lat' dir='ltr'>a</span> <span class='ocrx_word' id='word_1_199' title='bbox 1987 3405 2101 3493; x_wconf 85' lang='lat' dir='ltr'>boatu</span> 
     </span>
     <span class='ocr_line' id='line_1_24' title="bbox 770 3517 2100 3644; baseline 0.012 -43"><span class='ocrx_word' id='word_1_200' title='bbox 770 3537 975 3602; x_wconf 73' lang='lat' dir='ltr'>vaccarum</span> <span class='ocrx_word' id='word_1_201' title='bbox 1007 3517 1200 3629; x_wconf 84' lang='lat' dir='ltr'>ademptis</span> <span class='ocrx_word' id='word_1_202' title='bbox 1229 3517 1357 3604; x_wconf 81' lang='lat' dir='ltr'>ritulis</span> <span class='ocrx_word' id='word_1_203' title='bbox 1387 3519 1484 3608; x_wconf 89' lang='lat' dir='ltr'>nihil</span> <span class='ocrx_word' id='word_1_204' title='bbox 1512 3521 1674 3644; x_wconf 56' lang='lat' dir='ltr'>dinem</span> <span class='ocrx_word' id='word_1_205' title='bbox 1713 3529 1756 3612; x_wconf 90' lang='lat' dir='ltr'>in</span> <span class='ocrx_word' id='word_1_206' title='bbox 1786 3533 1995 3620; x_wconf 85' lang='lat' dir='ltr'>certamine</span> <span class='ocrx_word' id='word_1_207' title='bbox 2032 3536 2100 3622; x_wconf 77' lang='lat' dir='ltr'>sra-</span> 
     </span>
    </p>
   </div>
   <div class='ocr_carea' id='block_1_5' title="bbox 511 3645 2097 3756">
    <p class='ocr_par' dir='ltr' id='par_1_7' title="bbox 511 3645 2097 3756">
     <span class='ocr_line' id='line_1_25' title="bbox 511 3645 2097 3756; baseline 0.018 -33"><span class='ocrx_word' id='word_1_208' title='bbox 511 3657 515 3665; x_wconf 86' lang='grc'>·</span> <span class='ocrx_word' id='word_1_209' title='bbox 669 3707 673 3714; x_wconf 81' lang='grc'><em>.</em></span> <span class='ocrx_word' id='word_1_210' title='bbox 771 3663 954 3732; x_wconf 84' lang='lat' dir='ltr'>montet</span> <span class='ocrx_word' id='word_1_211' title='bbox 986 3648 1151 3732; x_wconf 86' lang='lat' dir='ltr'>barriunt</span> <span class='ocrx_word' id='word_1_212' title='bbox 1184 3645 1430 3756; x_wconf 60' lang='lat' dir='ltr'>inllarvnl,</span> <span class='ocrx_word' id='word_1_213' title='bbox 1471 3647 1626 3741; x_wconf 91' lang='lat' dir='ltr'>obtenta</span> <span class='ocrx_word' id='word_1_214' title='bbox 1680 3655 1845 3745; x_wconf 68' lang='lat' dir='ltr'>uictoria</span> <span class='ocrx_word' id='word_1_215' title='bbox 1900 3661 2097 3750; x_wconf 88' lang='lat' dir='ltr'>llridorern</span> 
     </span>
    </p>
   </div>
   <div class='ocr_carea' id='block_1_6' title="bbox 770 3771 2095 3900">
    <p class='ocr_par' dir='ltr' id='par_1_8' title="bbox 770 3771 2095 3900">
     <span class='ocr_line' id='line_1_26' title="bbox 770 3771 2095 3900; baseline 0.015 -41"><span class='ocrx_word' id='word_1_216' title='bbox 770 3774 880 3860; x_wconf 70' lang='lat' dir='ltr'>valde</span> <span class='ocrx_word' id='word_1_217' title='bbox 915 3771 1093 3862; x_wconf 69' lang='lat' dir='ltr'>sannorum</span> <span class='ocrx_word' id='word_1_218' title='bbox 1126 3797 1171 3862; x_wconf 90' lang='lat' dir='ltr'>ac</span> <span class='ocrx_word' id='word_1_219' title='bbox 1204 3775 1343 3890; x_wconf 71' lang='lat' dir='ltr'>inopius</span> <span class='ocrx_word' id='word_1_220' title='bbox 1361 3781 1585 3894; x_wconf 52' lang='lat' dir='ltr'>*repetitum</span> <span class='ocrx_word' id='word_1_221' title='bbox 1627 3785 1706 3872; x_wconf 90' lang='lat' dir='ltr'>edit</span> <span class='ocrx_word' id='word_1_222' title='bbox 1746 3787 1860 3874; x_wconf 88' lang='lat' dir='ltr'>instar</span> <span class='ocrx_word' id='word_1_223' title='bbox 1882 3791 2095 3900; x_wconf 82' lang='lat' dir='ltr'>gryllornm</span> 
     </span>
    </p>
   </div>
   <div class='ocr_carea' id='block_1_7' title="bbox 633 3901 2098 4030">
    <p class='ocr_par' dir='ltr' id='par_1_9' title="bbox 633 3901 2098 4030">
     <span class='ocr_line' id='line_1_27' title="bbox 633 3901 2098 4030; baseline 0.018 -45"><span class='ocrx_word' id='word_1_224' title='bbox 633 3957 639 3968; x_wconf 87' lang='lat'>-</span> <span class='ocrx_word' id='word_1_225' title='bbox 770 3901 1108 4012; x_wconf 82' lang='lat' dir='ltr'>domesticonrnr,</span> <span class='ocrx_word' id='word_1_226' title='bbox 1137 3904 1349 3991; x_wconf 77' lang='lat' dir='ltr'>uulneratus</span> <span class='ocrx_word' id='word_1_227' title='bbox 1380 3927 1424 3993; x_wconf 89' lang='lat' dir='ltr'>et</span> <span class='ocrx_word' id='word_1_228' title='bbox 1453 3911 1503 3993; x_wconf 86' lang='lat' dir='ltr'>ab</span> <span class='ocrx_word' id='word_1_229' title='bbox 1532 3910 1697 3998; x_wconf 86' lang='lat' dir='ltr'>inimicis</span> <span class='ocrx_word' id='word_1_230' title='bbox 1732 3915 1925 4030; x_wconf 85' lang='lat' dir='ltr'>oppreffus</span> <span class='ocrx_word' id='word_1_231' title='bbox 1973 3923 2098 4010; x_wconf 83' lang='lat' dir='ltr'>valide</span> 
     </span>
    </p>
   </div>
   <div class='ocr_carea' id='block_1_8' title="bbox 770 4027 2200 4583">
    <p class='ocr_par' dir='ltr' id='par_1_10' title="bbox 770 4027 1844 4142">
     <span class='ocr_line' id='line_1_28' title="bbox 770 4027 1844 4142; baseline 0.018 -27"><span class='ocrx_word' id='word_1_232' title='bbox 770 4028 984 4142; x_wconf 70' lang='lat' dir='ltr'>ingemistit</span> <span class='ocrx_word' id='word_1_233' title='bbox 1015 4035 1093 4118; x_wconf 88' lang='lat' dir='ltr'>cati</span> <span class='ocrx_word' id='word_1_234' title='bbox 1123 4052 1188 4118; x_wconf 91' lang='lat' dir='ltr'>aut</span> <span class='ocrx_word' id='word_1_235' title='bbox 1218 4033 1337 4121; x_wconf 86' lang='lat' dir='ltr'>lutrae</span> <span class='ocrx_word' id='word_1_236' title='bbox 1367 4027 1540 4125; x_wconf 84' lang='lat' dir='ltr'>marinae</span> <span class='ocrx_word' id='word_1_237' title='bbox 1570 4041 1679 4127; x_wconf 85' lang='lat' dir='ltr'>inllar</span> <span class='ocrx_word' id='word_1_238' title='bbox 1709 4043 1844 4134; x_wconf 78' lang='lat' dir='ltr'>fibilat</span> 
     </span>
    </p>

    <p class='ocr_par' dir='ltr' id='par_1_11' title="bbox 773 4158 2200 4583">
     <span class='ocr_line' id='line_1_29' title="bbox 889 4158 2109 4292; baseline 0.016 -43"><span class='ocrx_word' id='word_1_239' title='bbox 889 4158 1005 4250; x_wconf 89' lang='lat' dir='ltr'>Dum</span> <span class='ocrx_word' id='word_1_240' title='bbox 1044 4163 1201 4247; x_wconf 79' lang='lat' dir='ltr'>emaci</span> <span class='ocrx_word' id='word_1_241' title='bbox 1249 4183 1391 4250; x_wconf 85' lang='lat' dir='ltr'>exeunt</span> <span class='ocrx_word' id='word_1_242' title='bbox 1438 4169 1609 4279; x_wconf 89' lang='lat' dir='ltr'>quatiunt</span> <span class='ocrx_word' id='word_1_243' title='bbox 1636 4192 1804 4287; x_wconf 74' lang='lat' dir='ltr'>corprs,</span> <span class='ocrx_word' id='word_1_244' title='bbox 1852 4175 1898 4260; x_wconf 79' lang='lat' dir='ltr'>ac</span> <span class='ocrx_word' id='word_1_245' title='bbox 1939 4179 2109 4292; x_wconf 81' lang='lat' dir='ltr'>pinnatis</span> 
     </span>
     <span class='ocr_line' id='line_1_30' title="bbox 774 4285 2200 4421; baseline 0.022 -54"><span class='ocrx_word' id='word_1_246' title='bbox 774 4285 1041 4399; x_wconf 76' lang='lat' dir='ltr'>posterioribus</span> <span class='ocrx_word' id='word_1_247' title='bbox 1072 4289 1227 4400; x_wconf 83' lang='lat' dir='ltr'>pedibus</span> <span class='ocrx_word' id='word_1_248' title='bbox 1257 4294 1391 4403; x_wconf 80' lang='lat' dir='ltr'>penus</span> <span class='ocrx_word' id='word_1_249' title='bbox 1419 4296 1639 4386; x_wconf 82' lang='lat' dir='ltr'>demulcent</span> <span class='ocrx_word' id='word_1_250' title='bbox 1664 4319 1705 4386; x_wconf 85' lang='lat' dir='ltr'>et</span> <span class='ocrx_word' id='word_1_251' title='bbox 1719 4298 1816 4413; x_wconf 84' lang='lat' dir='ltr'>pilos</span> <span class='ocrx_word' id='word_1_252' title='bbox 1838 4327 2096 4421; x_wconf 82' lang='lat' dir='ltr'>componunt</span> <span class='ocrx_word' id='word_1_253' title='bbox 2199 4385 2200 4388; x_wconf 12' lang='lat' dir='ltr'>a</span> 
     </span>
     <span class='ocr_line' id='line_1_31' title="bbox 773 4408 2097 4583; baseline 0.014 -77"><span class='ocrx_word' id='word_1_254' title='bbox 773 4408 961 4538; x_wconf 70' lang='lat' dir='ltr'>Maletum</span> <span class='ocrx_word' id='word_1_255' title='bbox 989 4417 1088 4549; x_wconf 76' lang='lat' dir='ltr'>labia</span> <span class='ocrx_word' id='word_1_256' title='bbox 1115 4426 1493 4571; x_wconf 71' lang='lat' dir='ltr'>eunenra&#39;appoult·</span> <span class='ocrx_word' id='word_1_257' title='bbox 1512 4423 1622 4522; x_wconf 82' lang='lat' dir='ltr'>labiis</span> <span class='ocrx_word' id='word_1_258' title='bbox 1637 4427 1839 4568; x_wconf 59' lang='lat' dir='ltr'>formello</span> <span class='ocrx_word' id='word_1_259' title='bbox 1856 4501 1869 4551; x_wconf 82' lang='lat'>,</span> <span class='ocrx_word' id='word_1_260' title='bbox 1886 4461 1931 4583; x_wconf 76' lang='lat' dir='ltr'>ac</span> <span class='ocrx_word' id='word_1_261' title='bbox 1948 4438 1979 4530; x_wconf 86' lang='lat' dir='ltr'><strong>fi</strong></span> <span class='ocrx_word' id='word_1_262' title='bbox 1996 4439 2097 4526; x_wconf 78' lang='lat' dir='ltr'>osen</span> 
     </span>
    </p>
   </div>
   <div class='ocr_carea' id='block_1_9' title="bbox 0 0 2249 5892">
    <p class='ocr_par' dir='ltr' id='par_1_12' title="bbox 0 0 2249 5892">
     <span class='ocr_line' id='line_1_32' title="bbox 0 0 2249 5892; baseline 0 0"><span class='ocrx_word' id='word_1_263' title='bbox 0 0 2249 5892; x_wconf 95' lang='lat' dir='ltr'> </span> 
     </span>
    </p>
   </div>
  </div>
 </body>
</html>
