4475 5900
807 402 902 505 4⁶0
962 306 966 313 ’
1093 381 1428 480 mutuorum
1454 334 1827 481 OBSERVANDI

690 728 693 731 ,
802 633 970 751 partibus
997 630 1179 717 diametri
1206 629 1337 717 Lunae
1354 654 1424 742 per
1439 624 1559 731 §3⁶⁸⁰
1578 627 1673 715 datis
1688 626 1939 716 determinari
1955 623 2083 741 pollint,

802 764 1068 873 concipiamus
1098 784 1171 871 per
1202 760 1390 871 punctum
1420 760 1475 867 d,
1508 756 1667 842 ductam
1698 755 1776 843 effe
1806 760 1954 843 lineam
1998 756 2085 843 del

774 943 777 950 ·
803 893 941 976 diurno
972 890 1104 974 Lunae
1133 888 1380 1001 parallelam,
1429 911 1549 993 eam,
1600 910 1671 998 per
1702 913 1814 1000 quam
1832 884 2014 997 punitum
2028 885 2089 969 dtu

805 1021 966 1105 Lunaris
992 1020 1022 1103 d
1053 1021 1093 1099 in
1126 1018 1219 1101 rubo
1252 1038 1431 1129 tempore
1463 1014 1733 1099 obseruationis
1780 1015 1992 1125 spectatum
2031 1038 2087 1098 mo

756 1228 767 1237 .
804 1168 950 1252 vetur,
983 1166 1170 1256 motuque
1202 1145 1269 1230 suo
1285 1145 1335 1229 ad
1351 1142 1508 1253 capillos
1525 1164 1590 1256 qr
1606 1162 1646 1225 et
1665 1138 1761 1229 BD
1779 1145 1819 1227 in
1837 1143 1986 1251 punctis
2000 1166 2017 1223 e
2031 1136 2087 1225 etl

805 1275 996 1387 appellit,
1043 1275 1183 1358 lincam
1214 1290 1387 1357 autema
1411 1272 1449 1357 R
1470 1294 1537 1379 per
1568 1270 1759 1382 pontium
1777 1298 1802 1357 n
1819 1270 1973 1355 domm
1991 1269 2087 1351 dium

805 1405 965 1489 umbrae
994 1400 1241 1510 parallelum,
1275 1419 1316 1485 ct
1347 1404 1395 1485 ad
1425 1398 1566 1481 lineam
1596 1402 1657 1485 de
1673 1396 1703 1485 h
1719 1400 1917 1511 obliquam
1936 1396 2004 1482 else
2018 1422 2088 1485 eam

806 1554 1022 1644 perquam
1055 1528 1242 1637 punctum
1275 1525 1368 1625 disci
1398 1528 1556 1613 umbrae
1585 1552 1610 1613 n
1642 1527 1782 1613 eodem
1817 1546 1992 1636 tempore
2006 1523 2040 1605 in
2053 1544 2090 1609 tu

808 1662 864 1745 bo
897 1674 1108 1761 mouetur,
1140 1672 1329 1767 motuque
1361 1654 1428 1739 suo
1464 1655 1583 1739 lineas
1598 1654 1667 1741 fibi
1684 1656 1888 1771 proruimus
1917 1679 1981 1744 κν
2007 1672 2091 1739 etat

807 1791 849 1873 irr
882 1784 1034 1898 punctis
1062 1784 1089 1869 b
1121 1803 1161 1869 et
1192 1786 1229 1871 R
1264 1784 1429 1895 attingit.
1514 1781 1583 1871 Ex
1636 1782 1904 1869 obseruatione
1952 1781 2091 1891 superiori

680 1979 687 1991 .
807 1914 969 2027 phaseos
999 1912 1136 1997 dantur
1168 1932 1373 2022 tempora,
1407 1910 1469 1996 seu
1501 1910 1753 1996 oscillationes
1791 1910 2015 2021 horologii,
2036 1936 2057 2021 q
2075 1910 2094 1971 '-

807 2044 876 2127 bus
903 2040 1123 2125 durantibus
1153 2041 1342 2149 punctum
1375 2038 1464 2123 disci
1496 2040 1667 2125 vmbroli
1684 2065 1734 2145 n,
1752 2056 1869 2123 motu
1896 2042 2021 2123 diurm
2036 2062 2091 2121 uu

806 2168 898 2254 bruc
933 2169 973 2250 io
1005 2165 1152 2249 circulo
1181 2166 1260 2248 eius
1299 2166 1440 2249 diurno
1469 2164 1589 2251 latum
1610 2196 1634 2272 ,¹
1669 2168 1864 2252 distantias
1894 2169 1957 2253 ab
1982 2188 2016 2250 er
2037 2166 2089 2250 bil

808 2298 1024 2410 percurrit,
1056 2314 1129 2375 noc
1161 2316 1243 2375 non
1274 2310 1483 2401 tempora,
1515 2294 1651 2406 quibus
1681 2296 1875 2405 punctum
1904 2293 1988 2381 disci
1999 2292 2093 2377 Lura·

809 2424 863 2511 ris
894 2426 949 2531 d,
982 2437 1098 2509 motu
1127 2419 1264 2505 ditono
1296 2418 1429 2503 Lunae
1469 2421 1510 2505 in
1542 2422 1688 2509 circlrlo
1719 2422 1797 2509 cius
1848 2426 1980 2511 diurno
2020 2424 2092 2506 inre·

809 2554 968 2659 dendo,
1001 2549 1122 2633 lineas
1152 2548 1220 2635 ad
1231 2614 1244 2657 ,
1276 2546 1367 2655 eh,
1409 2550 1600 2634 emetitur.
1668 2548 1735 2635 Ex
1764 2549 2014 2637 obseruatione
2052 2574 2092 2631 au

776 2702 894 2765 aem
924 2672 1020 2779 §3⁶⁰
1053 2676 1236 2784 descripta
1266 2677 1403 2759 dantur
1432 2680 1552 2761 etiam
1582 2698 1760 2790 tempora
1778 2744 1789 2785 ,
1807 2681 1943 2791 quibus
1957 2696 2092 2763 centrum

767 2808 941 2921 „Lunae
972 2808 1013 2890 in
1045 2804 1186 2899 diurno
1234 2804 1300 2891 suo
1332 2803 1452 2889 latum
1502 2806 1689 2891 distantias
1736 2807 1863 2893 restas
1911 2808 2093 2922 capillorum

809 2935 990 3024 omnium
1022 2930 1157 3018 interso
1187 2932 1227 3015 in
1260 2932 1360 3018 linea
1394 2926 1489 3022 GC
1519 2934 1733 3020 incedendo
1779 2938 1951 3045 traiicir,
2001 2932 2092 3018 conlo

810 3083 971 3178 quenter
998 3080 1038 3148 ct
1070 3084 1282 3175 tempora,
1315 3063 1452 3174 quibus
1487 3063 1592 3148 idem
1626 3066 1839 3152 distantum
1892 3067 2028 3160 retiam
2056 3085 2093 3142 o·

808 3195 997 3304 pillorum
1030 3213 1099 3302 qr
1130 3209 1170 3275 et
1202 3188 1298 3274 BD
1328 3193 1389 3276 stau
1423 3194 1576 3301 lineam¹¹
1588 3219 1624 3305 g
1644 3193 1702 3309 f,
1753 3219 1826 3282 nce
1860 3219 1941 3280 non
1971 3188 2092 3278 firuileo

809 3321 1022 3404 dilbmriam
1056 3319 1286 3429 capillorum
1320 3343 1389 3424 xy
1422 3339 1462 3406 et
1492 3343 1587 3432 ua,
1637 3319 1698 3406 seu
1729 3321 1876 3408 lineam
1908 3351 1937 3410 a
1953 3321 1981 3406 P
1996 3317 2095 3403 omui·

797 3468 883 3534 tur.
917 3447 1044 3532 Linris
1072 3447 1199 3556 itaque
1231 3449 1336 3557 ed,
1359 3445 1455 3544 eh,
1485 3451 1830 3564 itemquebR‚bn
1847 3429 2005 3538 necnon
2028 3442 2093 3563 gs,

810 3596 851 3664 ct
867 3603 895 3665 a
911 3577 941 3662 P
962 3572 1262 3660 oscillationibus
1279 3576 1499 3692 horologii,
1514 3604 1585 3666 ceu
1601 3582 1768 3692 partibus
1785 3583 1993 3696 aequalibus
2007 3579 2095 3662 diuer-

810 3705 932 3792 hrum
956 3702 1138 3790 scalarum
1158 3706 1354 3816 expressis,
1370 3709 1422 3792 ob
1439 3709 1672 3822 triangulum
1688 3707 1785 3824 hdg
1801 3711 1923 3799 fimilc
1940 3703 2094 3817 triangulo

809 3834 903 3950 eds
911 3848 983 3945 per
997 3833 1322 3921 coustrumioncm
1341 3835 1541 3942 ,inhratur
1557 3841 1717 3950 primo,
1734 3841 1855 3930 uteh
1872 3905 1885 3947 ,
1904 3829 2095 3924 stahabetal

489 3979 493 3986 ’
628 3955 631 3960 ’
800 3962 878 4076 gs
885 4027 897 4070 ,
916 3961 1068 4070 itaed,
1084 3964 1133 4048 ad
1163 3965 1194 4050 d
1207 3955 1249 4071 s
1255 4029 1268 4072 ,
1297 3963 1512 4050 distantiam
1531 3966 1746 4084 punctid,
1779 3993 1803 4053 a
1832 3969 2044 4080 capilloqr
2063 3961 2097 4044 ei·

809 4094 901 4176 dem
935 4091 1156 4202 proximo,
1185 4089 1481 4180 oscillationibus
1512 4091 1710 4208 horologii
1741 4097 1790 4182 ad
1821 4117 1975 4188 motum
2010 4085 2097 4178 croti

809 4219 941 4308 Lunae
975 4216 1102 4315 relatis
1118 4221 1342 4333 exprefl'am.
1376 4217 1626 4309 Subtraharur
1643 4228 1741 4336 linea
1758 4225 1853 4312 haec
1870 4226 1944 4346 ds
1958 4252 1978 4312 a
1995 4221 2098 4307 dista·

811 4350 864 4435 tia
895 4339 1002 4430 recta
1032 4347 1263 4454 capillorum
1298 4352 1387 4436 HF
1419 4371 1461 4436 et
1491 4374 1556 4464 qr
1588 4349 1682 4458 §3³³⁰
1704 4355 1756 4436 'in
1790 4355 1929 4440 iisdem
1968 4349 2098 4465 partibu

811 4478 926 4584 data,
957 4465 1244 4588 differenuaque
1274 4475 1336 4568 seu
1366 4478 1466 4568 linea
1498 4481 1581 4570 md
1592 4547 1606 4594 ,
1637 4481 1873 4574 subtrahatur
1902 4483 2096 4569 adimam

1998 4607 2098 4697 tuor
