4475 5900
123 440 384 593 ruptum.
410 463 476 553 ru
514 455 749 563 aaaron.
794 457 1206 564 uuamomnm
1230 480 1302 560 m.
1340 496 1429 581 14³

30 762 33 793 2
122 680 221 781 llinc
252 672 454 781 humiditas
480 695 579 783 a‘e'ris
610 693 832 801 calidioris,
864 722 982 811 qaum
1014 696 1278 811 matitunum
1293 720 1438 808 euapo-

30 912 32 927 ‚
119 822 233 909 moda
264 823 319 907 ull
350 826 587 911 contrarium
616 820 769 911 efficere
800 824 981 935 uidetur,
1014 826 1093 912 scil.
1127 830 1326 915 minorem
1343 848 1435 908 euu-

116 952 362 1063 porationtm
393 952 531 1037 mulsae
563 950 718 1035 maioris
746 976 862 1064 quum
891 952 1031 1041 mad'au
1062 955 1239 1042 minoris.
1308 954 1438 1043 Reue-

112 1099 157 1161 η
187 1090 350 1187 tamen,
377 1102 466 1164 curn
494 1078 573 1163 hoc
602 1096 850 1189 augmentum
889 1104 970 1169 non
1018 1078 1133 1195 pouit
1179 1079 1254 1167 elle
1285 1079 1440 1165 alicuius

115 1204 344 1314 momenti,
374 1196 462 1291 cum
490 1228 633 1317 putatae
661 1206 864 1317 particulae
896 1234 967 1321 per
997 1214 1129 1295 a‘e‘tem
1160 1207 1342 1320 dispersae
1376 1204 1436 1290 su·

113 1330 313 1445 perficiem
346 1356 462 1444 aquae
492 1325 683 1423 oditudere
712 1332 883 1443 pumat,
913 1353 954 1422 et
984 1338 1013 1424 fi
1043 1336 1163 1449 ptiam
1180 1354 1346 1447 pomtur
1360 1332 1437 1434 ali<

112 1460 216 1543 cuitu
253 1462 475 1570 momenti,
521 1482 598 1545 non
628 1459 755 1571 potest
783 1459 859 1547 dici
905 1464 1219 1577 etuapomtionem
1270 1462 1431 1547 minoris

116 1583 253 1675 millae
281 1586 354 1675 eoa
384 1588 610 1697 maiorem,
638 1612 730 1673 cum
763 1592 1000 1705 euaporatio,
1014 1591 1114 1679 nuilla
1146 1588 1223 1677 hoc
1239 1587 1322 1675 casu
1351 1586 1439 1675 fiat.

229 1780 267 1877 §.
291 1804 361 1885 ¹4·
394 1776 438 1865 Si
466 1778 572 1866 uitta
602 1782 702 1869 bene
731 1782 1000 1891 perpendimus
1028 1781 1128 1863 ratio
1177 1774 1437 1889 profunditatis

113 1926 236 2015 amaa
267 1908 396 1989 minas
424 1906 478 1991 eli
507 1906 706 2013 habenda,
739 1930 851 2015 quum
883 1904 1084 1991 mallanun
1119 1905 1166 1989 ad
1191 1904 1436 2014 amputatio·
1553 1954 1556 1959 -

113 2054 210 2137 uem
239 2032 495 2143 expositarum
528 2050 572 2115 et
599 2031 874 2143 mperfiuerum
914 2033 1149 2138 eamdem,
1187 2050 1271 2121 tam
1299 2054 1443 2114 earum

110 2156 242 2263 quibus
271 2160 406 2275 madae
434 2158 829 2271 comprehenduntur,
860 2184 976 2271 quam
994 2183 1168 2268 ‘enmm,
1220 2181 1315 2269 quae
1354 2156 1443 2243 adri,

110 2279 298 2397 ffigidiori
324 2286 513 2399 expolitae
545 2287 638 2373 sunt.
702 2280 815 2400 (§.§.
850 2306 895 2395 7.
935 2310 1005 2369 10.
1044 2284 1111 2399 1.)

229 2478 270 2583 ᾗ
291 2496 366 2580 15.
397 2472 512 2565 Licet
539 2458 827 2591 enapotntiones
874 2498 1056 2589 aqmmm
1081 2475 1133 2561 in
1150 2474 1248 2561 valio
1275 2475 1321 2559 iu
1342 2480 1443 2561 a‘e'te¹

109 2604 288 2717 pendulis
333 2621 379 2691 tt
422 2604 593 2691 tenuium
639 2608 829 2717 parietum
875 2602 1218 2717 homogeneatque·
1249 2603 1448 2691 materiae

108 2734 185 2821 fint
212 2732 264 2823 nc
290 2746 562 2845 comparatae,
592 2752 641 2819 ut
675 2733 802 2823 maior
840 2753 884 2817 et
923 2731 1150 2843 ptulimdion
1186 2729 1309 2819 malli
1349 2730 1443 2843 plus

108 2847 328 2972 euoporet,
355 2884 466 2970 quanm
501 2863 625 2945 minor
655 2882 696 2946 et
725 2862 850 2945 minus
881 2858 1061 2973 profunda
1094 2860 1244 2969 malla,
1275 2858 1433 2970 superfi-

109 2987 243 3084 ciebus
272 2984 482 3096 aequalibus
510 3010 628 3094 aquae.
655 2990 735 3072 adri
768 2990 977 3095 expositio,
1012 3007 1052 3070 et
1082 2987 1278 3094 superficie
1303 2987 1462 3068 maio··

108 3115 160 3201 tis
189 3113 332 3200 maffia
363 3112 410 3197 ad
441 3109 678 3222 superficiem
717 3111 878 3196 minoris
928 3109 1064 3194 mao'ae
1111 3109 1273 3194 habenta
1319 3111 1436 3192 ratio

111 3267 202 3328 uem
235 3245 455 3343 minorem,
486 3263 603 3350 quam
636 3237 819 3323 uolumen
851 3239 976 3322 maius
1004 3238 1051 3324 ad
1083 3237 1263 3321 vultuum
1291 3237 1457 3331 minua,

111 3371 214 3457 Non
245 3389 374 3456 tamen
404 3364 558 3466 alienare
590 3367 741 3472 audeo,
766 3366 814 3451 ad
832 3367 995 3450 maiores
1011 3361 1142 3478 mallus
1156 3387 1291 3472 aquaem
1319 3388 1353 3447 e.
1387 3387 1430 3482 g.

111 3499 268 3604 maria,
298 3495 398 3580 lacus
416 3493 668 3615 „fluuiosque
700 3491 739 3577 id
769 3493 946 3604 adplicati
985 3489 1099 3606 putre.
1181 3487 1292 3578 Alius
1321 3492 1431 3574 enim

109 3625 217 3708 calor
257 3623 460 3740 adplicatur
505 3617 630 3704 mallus
660 3619 701 3706 iu
731 3621 876 3705 minori
906 3645 931 3704 a
960 3615 1156 3732 superficie
1202 3619 1341 3704 telluris
1370 3617 1431 3704 di·

113 3751 280 3858 stantia,
311 3749 401 3832 alius
432 3747 473 3834 in
503 3745 674 3854 maiori,
707 3747 797 3832 alim
826 3748 864 3830 iu
894 3743 974 3832 hoc
1005 3746 1149 3853 alueo,
1179 3744 1270 3832 aliun
1285 3747 1325 3828 iu
1355 3745 1433 3828 alio
1470 3823 1473 3827 ,

112 3879 385 3988 heterogeneo.
427 3876 580 3986 Aquae
609 3871 708 3986 ipsae
727 3875 821 3960 funt
847 3872 1071 3962 drauum
1101 3874 1331 3986 grauitatum
1348 3869 1432 3981 spe·

114 4005 308 4090 cilicmun
338 4019 381 4088 et
410 4001 557 4088 diueros
586 4003 775 4113 particulis
803 3999 1003 4114 gmuidae‚
1051 3999 1145 4088 hinc
1193 3999 1317 4111 magis
1363 3995 1430 4082 uel

118 4133 246 4216 minus
273 4131 527 4244 amputationi
558 4147 666 4239 aptae
695 4148 742 4215 ut
772 4131 814 4216 iu
847 4148 951 4216 tanta
982 4131 1158 4214 uanetate
1195 4123 1292 4212 nihil
1339 4128 1428 4210 terti

116 4260 216 4370 poni
243 4259 385 4370 possm
415 4255 740 4370 quemadmodum
772 4257 974 4362 nonnulli,
1002 4281 1038 4342 e.
1069 4279 1107 4364 g.
1140 4253 1259 4340 Eam.
1292 4249 1430 4363 llalley

118 4383 289 4506 Anglau,
317 4385 477 4474 lactant
494 4413 510 4496 ,¹
535 4383 623 4476 licet
653 4379 991 4498 celebenimialias
1011 4379 1240 4501 phinoplu.
1305 4379 1429 4466 vem
1534 4445 1541 4456 .
1595 4417 1599 4424 ·
1768 4377 1772 4384 '

1282 4505 1428 4600 imilli-
