<?xml version="1.0" encoding="UTF-8"?>
<!DOCTYPE html PUBLIC "-//W3C//DTD XHTML 1.0 Transitional//EN"
    "http://www.w3.org/TR/xhtml1/DTD/xhtml1-transitional.dtd">
<html xmlns="http://www.w3.org/1999/xhtml" xml:lang="en" lang="en">
 <head>
  <title>
</title>
<meta http-equiv="Content-Type" content="text/html;charset=utf-8" />
  <meta name='ocr-system' content='tesseract 3.04.00' />
  <meta name='ocr-capabilities' content='ocr_page ocr_carea ocr_par ocr_line ocrx_word'/>
</head>
<body>
  <div class='ocr_page' id='page_1' title='image "./novicommentarii12sssrgoog/novicommentarii12sssrgoog_0016.png"; bbox 0 0 4475 5900; ppageno 0'>
   <div class='ocr_carea' id='block_1_1' title="bbox 1323 479 1504 603">
    <p class='ocr_par' dir='ltr' id='par_1_1' title="bbox 1323 479 1504 603">
     <span class='ocr_line' id='line_1_1' title="bbox 1323 479 1504 603; baseline -0.017 0"><span class='ocrx_word' id='word_1_1' title='bbox 1323 479 1504 603; x_wconf 71' lang='lat'>(¹0)</span> 
     </span>
    </p>
   </div>
   <div class='ocr_carea' id='block_1_2' title="bbox 761 717 2111 1100">
    <p class='ocr_par' dir='ltr' id='par_1_2' title="bbox 761 717 2111 1100">
     <span class='ocr_line' id='line_1_2' title="bbox 761 717 2111 842; baseline -0.007 -23"><span class='ocrx_word' id='word_1_2' title='bbox 761 727 899 819; x_wconf 90' lang='lat' dir='ltr'>nuium</span> <span class='ocrx_word' id='word_1_3' title='bbox 936 728 1124 838; x_wconf 77' lang='lat' dir='ltr'>parietum</span> <span class='ocrx_word' id='word_1_4' title='bbox 1163 721 1509 837; x_wconf 85' lang='lat' dir='ltr'>homogeneaeque</span> <span class='ocrx_word' id='word_1_5' title='bbox 1558 717 1741 810; x_wconf 84' lang='lat' dir='ltr'>materiae</span> <span class='ocrx_word' id='word_1_6' title='bbox 1783 741 1928 842; x_wconf 71' lang='lat' dir='ltr'>amram</span> <span class='ocrx_word' id='word_1_7' title='bbox 1952 723 2111 811; x_wconf 69' lang='lat' dir='ltr'>mimo</span> 
     </span>
     <span class='ocr_line' id='line_1_3' title="bbox 761 859 1403 974; baseline -0.008 -29"><span class='ocrx_word' id='word_1_8' title='bbox 761 859 991 974; x_wconf 77' lang='lat' dir='ltr'>profundam</span> <span class='ocrx_word' id='word_1_9' title='bbox 1025 861 1153 941; x_wconf 86' lang='lat' dir='ltr'>minus</span> <span class='ocrx_word' id='word_1_10' title='bbox 1183 881 1403 966; x_wconf 82' lang='lat' dir='ltr'>euaporare.</span> 
     </span>
     <span class='ocr_line' id='line_1_4' title="bbox 880 970 2086 1100; baseline -0.001 -33"><span class='ocrx_word' id='word_1_11' title='bbox 880 989 912 1087; x_wconf 84' lang='lat'>§.</span> <span class='ocrx_word' id='word_1_12' title='bbox 952 1009 993 1083; x_wconf 88' lang='lat'>3.</span> <span class='ocrx_word' id='word_1_13' title='bbox 1044 987 1258 1100; x_wconf 85' lang='lat' dir='ltr'>Quomodo</span> <span class='ocrx_word' id='word_1_14' title='bbox 1299 985 1495 1070; x_wconf 86' lang='lat' dir='ltr'>instituerit</span> <span class='ocrx_word' id='word_1_15' title='bbox 1537 982 1847 1092; x_wconf 84' lang='lat' dir='ltr'>experimentum</span> <span class='ocrx_word' id='word_1_16' title='bbox 1881 980 2010 1066; x_wconf 67' lang='lat' dir='ltr'>refut.</span> <span class='ocrx_word' id='word_1_17' title='bbox 2043 970 2086 1072; x_wconf 71' lang='lat' dir='ltr'>i.</span> 
     </span>
    </p>
   </div>
   <div class='ocr_carea' id='block_1_3' title="bbox 731 1103 2233 1224">
    <p class='ocr_par' dir='ltr' id='par_1_3' title="bbox 731 1103 2233 1224">
     <span class='ocr_line' id='line_1_5' title="bbox 731 1103 2233 1224; baseline -0.006 -21"><span class='ocrx_word' id='word_1_18' title='bbox 731 1143 794 1220; x_wconf 87' lang='lat'>·4</span> <span class='ocrx_word' id='word_1_19' title='bbox 825 1136 865 1201; x_wconf 90' lang='lat' dir='ltr'>et</span> <span class='ocrx_word' id='word_1_20' title='bbox 899 1135 920 1214; x_wconf 78' lang='grc' dir='ltr'><strong><em>ς</em></strong></span> <span class='ocrx_word' id='word_1_21' title='bbox 960 1115 1124 1198; x_wconf 88' lang='lat' dir='ltr'>rationes</span> <span class='ocrx_word' id='word_1_22' title='bbox 1158 1115 1280 1221; x_wconf 88' lang='lat' dir='ltr'>affert,</span> <span class='ocrx_word' id='word_1_23' title='bbox 1306 1140 1379 1214; x_wconf 83' lang='lat' dir='ltr'>cut</span> <span class='ocrx_word' id='word_1_24' title='bbox 1409 1113 1723 1224; x_wconf 86' lang='lat' dir='ltr'>experimentum</span> <span class='ocrx_word' id='word_1_25' title='bbox 1758 1103 2097 1218; x_wconf 67' lang='lat' dir='ltr'>expositarum·-</span> <span class='ocrx_word' id='word_1_26' title='bbox 2232 1124 2233 1145; x_wconf 61' lang='lat'>¹</span> 
     </span>
    </p>
   </div>
   <div class='ocr_carea' id='block_1_4' title="bbox 756 1229 2091 1870">
    <p class='ocr_par' dir='ltr' id='par_1_4' title="bbox 756 1229 2091 1870">
     <span class='ocr_line' id='line_1_6' title="bbox 759 1229 2089 1348; baseline -0.003 -20"><span class='ocrx_word' id='word_1_27' title='bbox 759 1271 809 1328; x_wconf 89' lang='lat' dir='ltr'>ne</span> <span class='ocrx_word' id='word_1_28' title='bbox 841 1243 1055 1327; x_wconf 89' lang='lat' dir='ltr'>instituerit.</span> <span class='ocrx_word' id='word_1_29' title='bbox 1097 1229 1138 1330; x_wconf 73' lang='lat' dir='ltr'>l.</span> <span class='ocrx_word' id='word_1_30' title='bbox 1174 1261 1219 1344; x_wconf 90' lang='lat'>7.</span> <span class='ocrx_word' id='word_1_31' title='bbox 1254 1241 1546 1328; x_wconf 82' lang='lat' dir='ltr'>Obseruationet</span> <span class='ocrx_word' id='word_1_32' title='bbox 1586 1237 1762 1348; x_wconf 78' lang='lat' dir='ltr'>vulgaret</span> <span class='ocrx_word' id='word_1_33' title='bbox 1792 1237 1994 1347; x_wconf 85' lang='lat' dir='ltr'>recenset,</span> <span class='ocrx_word' id='word_1_34' title='bbox 2030 1263 2089 1324; x_wconf 86' lang='lat' dir='ltr'>ex</span> 
     </span>
     <span class='ocr_line' id='line_1_7' title="bbox 759 1363 2087 1484; baseline -0.004 -28"><span class='ocrx_word' id='word_1_35' title='bbox 759 1375 894 1484; x_wconf 88' lang='lat' dir='ltr'>quibus</span> <span class='ocrx_word' id='word_1_36' title='bbox 927 1369 1152 1478; x_wconf 75' lang='lat' dir='ltr'>concludit,</span> <span class='ocrx_word' id='word_1_37' title='bbox 1187 1366 1254 1484; x_wconf 89' lang='lat'>1.)</span> <span class='ocrx_word' id='word_1_38' title='bbox 1283 1363 1488 1457; x_wconf 82' lang='lat' dir='ltr'>Minorem</span> <span class='ocrx_word' id='word_1_39' title='bbox 1522 1365 1683 1452; x_wconf 80' lang='lat' dir='ltr'>massam</span> <span class='ocrx_word' id='word_1_40' title='bbox 1715 1367 1823 1450; x_wconf 89' lang='lat' dir='ltr'>citius</span> <span class='ocrx_word' id='word_1_41' title='bbox 1855 1368 2087 1477; x_wconf 80' lang='lat' dir='ltr'>temperiem</span> 
     </span>
     <span class='ocr_line' id='line_1_8' title="bbox 760 1491 2091 1610; baseline -0.004 -25"><span class='ocrx_word' id='word_1_42' title='bbox 760 1503 861 1586; x_wconf 86' lang='lat' dir='ltr'>a&#39;e&#39;ris</span> <span class='ocrx_word' id='word_1_43' title='bbox 894 1498 1074 1584; x_wconf 86' lang='lat' dir='ltr'>obtinere</span> <span class='ocrx_word' id='word_1_44' title='bbox 1104 1501 1255 1606; x_wconf 90' lang='lat' dir='ltr'>debere,</span> <span class='ocrx_word' id='word_1_45' title='bbox 1286 1525 1405 1610; x_wconf 87' lang='lat' dir='ltr'>quam</span> <span class='ocrx_word' id='word_1_46' title='bbox 1432 1499 1623 1588; x_wconf 83' lang='lat' dir='ltr'>maiorem</span> <span class='ocrx_word' id='word_1_47' title='bbox 1640 1491 1835 1605; x_wconf 73' lang='lat' dir='ltr'>massam,</span> <span class='ocrx_word' id='word_1_48' title='bbox 1871 1496 1901 1580; x_wconf 83' lang='lat' dir='ltr'>fi</span> <span class='ocrx_word' id='word_1_49' title='bbox 1930 1497 2091 1581; x_wconf 82' lang='lat' dir='ltr'>maioris</span> 
     </span>
     <span class='ocr_line' id='line_1_9' title="bbox 760 1609 2088 1738; baseline -0.004 -23"><span class='ocrx_word' id='word_1_50' title='bbox 760 1629 900 1715; x_wconf 84' lang='lat' dir='ltr'>massae</span> <span class='ocrx_word' id='word_1_51' title='bbox 940 1625 1162 1736; x_wconf 87' lang='lat' dir='ltr'>superficies</span> <span class='ocrx_word' id='word_1_52' title='bbox 1194 1628 1348 1738; x_wconf 82' lang='lat' dir='ltr'>integra</span> <span class='ocrx_word' id='word_1_53' title='bbox 1388 1626 1524 1711; x_wconf 87' lang='lat' dir='ltr'>habeat</span> <span class='ocrx_word' id='word_1_54' title='bbox 1562 1626 1611 1710; x_wconf 88' lang='lat' dir='ltr'>ad</span> <span class='ocrx_word' id='word_1_55' title='bbox 1651 1609 1814 1709; x_wconf 84' lang='lat' dir='ltr'>minoris</span> <span class='ocrx_word' id='word_1_56' title='bbox 1854 1621 1997 1708; x_wconf 81' lang='lat' dir='ltr'>massae</span> <span class='ocrx_word' id='word_1_57' title='bbox 2028 1623 2088 1710; x_wconf 87' lang='lat' dir='ltr'>su·</span> 
     </span>
     <span class='ocr_line' id='line_1_10' title="bbox 756 1750 2090 1870; baseline -0.001 -28"><span class='ocrx_word' id='word_1_58' title='bbox 756 1757 965 1870; x_wconf 88' lang='lat' dir='ltr'>perficiem</span> <span class='ocrx_word' id='word_1_59' title='bbox 1030 1756 1223 1866; x_wconf 79' lang='lat' dir='ltr'>integram</span> <span class='ocrx_word' id='word_1_60' title='bbox 1287 1758 1476 1842; x_wconf 88' lang='lat' dir='ltr'>rationem</span> <span class='ocrx_word' id='word_1_61' title='bbox 1539 1755 1737 1842; x_wconf 84' lang='lat' dir='ltr'>minorem</span> <span class='ocrx_word' id='word_1_62' title='bbox 1793 1778 1908 1863; x_wconf 89' lang='lat' dir='ltr'>quam</span> <span class='ocrx_word' id='word_1_63' title='bbox 1967 1750 2090 1861; x_wconf 73' lang='lat' dir='ltr'>mallit</span> 
     </span>
    </p>
   </div>
   <div class='ocr_carea' id='block_1_5' title="bbox 637 1874 2233 2251">
    <p class='ocr_par' dir='ltr' id='par_1_5' title="bbox 637 1874 2233 2251">
     <span class='ocr_line' id='line_1_11' title="bbox 757 1874 2233 1997; baseline -0.003 -25"><span class='ocrx_word' id='word_1_64' title='bbox 757 1890 884 1972; x_wconf 85' lang='lat' dir='ltr'>maior</span> <span class='ocrx_word' id='word_1_65' title='bbox 925 1884 975 1966; x_wconf 89' lang='lat' dir='ltr'>ad</span> <span class='ocrx_word' id='word_1_66' title='bbox 1003 1879 1166 1967; x_wconf 79' lang='lat' dir='ltr'>massam</span> <span class='ocrx_word' id='word_1_67' title='bbox 1205 1886 1418 1970; x_wconf 88' lang='lat' dir='ltr'>minorem.</span> <span class='ocrx_word' id='word_1_68' title='bbox 1459 1879 1524 1997; x_wconf 82' lang='lat'>2.)</span> <span class='ocrx_word' id='word_1_69' title='bbox 1572 1879 1823 1966; x_wconf 85' lang='lat' dir='ltr'>Contrarium</span> <span class='ocrx_word' id='word_1_70' title='bbox 1854 1879 2027 1966; x_wconf 88' lang='lat' dir='ltr'>obtinere</span> <span class='ocrx_word' id='word_1_71' title='bbox 2055 1883 2089 1969; x_wconf 89' lang='lat' dir='ltr'>s1</span> <span class='ocrx_word' id='word_1_72' title='bbox 2232 1874 2233 1877; x_wconf 41' lang='lat'>‘</span> 
     </span>
     <span class='ocr_line' id='line_1_12' title="bbox 758 2009 2233 2129; baseline -0.001 -33"><span class='ocrx_word' id='word_1_73' title='bbox 758 2011 953 2098; x_wconf 84' lang='lat' dir='ltr'>contraria</span> <span class='ocrx_word' id='word_1_74' title='bbox 985 2010 1162 2094; x_wconf 91' lang='lat' dir='ltr'>conditio</span> <span class='ocrx_word' id='word_1_75' title='bbox 1193 2011 1303 2096; x_wconf 81' lang='lat' dir='ltr'>adsit.</span> <span class='ocrx_word' id='word_1_76' title='bbox 1367 2011 1562 2098; x_wconf 86' lang='lat' dir='ltr'>Describit</span> <span class='ocrx_word' id='word_1_77' title='bbox 1593 2009 1703 2096; x_wconf 79' lang='lat' dir='ltr'>simul</span> <span class='ocrx_word' id='word_1_78' title='bbox 1717 2011 1834 2119; x_wconf 76' lang='lat' dir='ltr'>uasa,</span> <span class='ocrx_word' id='word_1_79' title='bbox 1865 2010 2000 2120; x_wconf 71' lang='lat' dir='ltr'>quibu</span> <span class='ocrx_word' id='word_1_80' title='bbox 2020 2010 2089 2096; x_wconf 90' lang='lat' dir='ltr'>ad·</span> <span class='ocrx_word' id='word_1_81' title='bbox 2232 2106 2233 2129; x_wconf 49' lang='lat'>,</span> 
     </span>
     <span class='ocr_line' id='line_1_13' title="bbox 637 2137 2085 2251; baseline -0.006 -22"><span class='ocrx_word' id='word_1_82' title='bbox 637 2199 639 2206; x_wconf 59' lang='lat'>‹</span> <span class='ocrx_word' id='word_1_83' title='bbox 714 2175 716 2180; x_wconf 51' lang='lat'><strong><em>¹</em></strong></span> <span class='ocrx_word' id='word_1_84' title='bbox 757 2139 893 2228; x_wconf 83' lang='lat' dir='ltr'>bibitis</span> <span class='ocrx_word' id='word_1_85' title='bbox 922 2138 1158 2225; x_wconf 83' lang='lat' dir='ltr'>accuratiora</span> <span class='ocrx_word' id='word_1_86' title='bbox 1188 2141 1457 2251; x_wconf 85' lang='lat' dir='ltr'>experimenta</span> <span class='ocrx_word' id='word_1_87' title='bbox 1489 2139 1630 2224; x_wconf 88' lang='lat' dir='ltr'>institui</span> <span class='ocrx_word' id='word_1_88' title='bbox 1662 2137 1813 2250; x_wconf 76' lang='lat' dir='ltr'>possrnt</span> <span class='ocrx_word' id='word_1_89' title='bbox 1848 2142 1881 2240; x_wconf 86' lang='lat'>§.</span> <span class='ocrx_word' id='word_1_90' title='bbox 1903 2157 1991 2241; x_wconf 90' lang='lat' dir='ltr'>9et</span> <span class='ocrx_word' id='word_1_91' title='bbox 2014 2165 2085 2226; x_wconf 82' lang='lat' dir='ltr'>ro.</span> 
     </span>
    </p>
   </div>
   <div class='ocr_carea' id='block_1_6' title="bbox 756 2267 2087 2382">
    <p class='ocr_par' dir='ltr' id='par_1_6' title="bbox 756 2267 2087 2382">
     <span class='ocr_line' id='line_1_14' title="bbox 756 2267 2087 2382; baseline 0.001 -28"><span class='ocrx_word' id='word_1_92' title='bbox 756 2269 946 2382; x_wconf 81' lang='lat' dir='ltr'>Adplicat</span> <span class='ocrx_word' id='word_1_93' title='bbox 978 2267 1238 2354; x_wconf 77' lang='lat' dir='ltr'>conclusiones</span> <span class='ocrx_word' id='word_1_94' title='bbox 1269 2271 1305 2372; x_wconf 66' lang='grc' dir='ltr'>ξ.</span> <span class='ocrx_word' id='word_1_95' title='bbox 1343 2287 1388 2371; x_wconf 90' lang='lat'>7.</span> <span class='ocrx_word' id='word_1_96' title='bbox 1419 2270 1469 2356; x_wconf 89' lang='lat' dir='ltr'>ad</span> <span class='ocrx_word' id='word_1_97' title='bbox 1491 2269 1805 2381; x_wconf 86' lang='lat' dir='ltr'>experimentum</span> <span class='ocrx_word' id='word_1_98' title='bbox 1832 2267 2087 2380; x_wconf 84' lang='lat' dir='ltr'>descriptum,</span> 
     </span>
    </p>
   </div>
   <div class='ocr_carea' id='block_1_7' title="bbox 755 2389 2233 2513">
    <p class='ocr_par' dir='ltr' id='par_1_7' title="bbox 755 2389 2233 2513">
     <span class='ocr_line' id='line_1_15' title="bbox 755 2389 2233 2513; baseline 0.003 -29"><span class='ocrx_word' id='word_1_99' title='bbox 755 2396 851 2484; x_wconf 87' lang='lat' dir='ltr'>hinc</span> <span class='ocrx_word' id='word_1_100' title='bbox 891 2397 1057 2484; x_wconf 91' lang='lat' dir='ltr'>ostendit</span> <span class='ocrx_word' id='word_1_101' title='bbox 1095 2399 1365 2484; x_wconf 85' lang='lat' dir='ltr'>conditionem</span> <span class='ocrx_word' id='word_1_102' title='bbox 1407 2397 1719 2513; x_wconf 80' lang='lat' dir='ltr'>corporationis,</span> <span class='ocrx_word' id='word_1_103' title='bbox 1758 2389 1986 2508; x_wconf 88' lang='lat' dir='ltr'>srponatur</span> <span class='ocrx_word' id='word_1_104' title='bbox 2016 2397 2090 2484; x_wconf 89' lang='lat' dir='ltr'>dif-</span> <span class='ocrx_word' id='word_1_105' title='bbox 2193 2432 2233 2490; x_wconf 65' lang='grc' dir='ltr'>,ι</span> 
     </span>
    </p>
   </div>
   <div class='ocr_carea' id='block_1_8' title="bbox 755 2521 2088 2641">
    <p class='ocr_par' dir='ltr' id='par_1_8' title="bbox 755 2502 2233 2641">
     <span class='ocr_line' id='line_1_16' title="bbox 755 2521 2088 2641; baseline 0.001 -29"><span class='ocrx_word' id='word_1_106' title='bbox 755 2521 914 2636; x_wconf 72' lang='lat' dir='ltr'>leteutia</span> <span class='ocrx_word' id='word_1_107' title='bbox 943 2529 1042 2612; x_wconf 91' lang='lat' dir='ltr'>inter</span> <span class='ocrx_word' id='word_1_108' title='bbox 1074 2528 1311 2640; x_wconf 87' lang='lat' dir='ltr'>temperiem</span> <span class='ocrx_word' id='word_1_109' title='bbox 1353 2543 1488 2641; x_wconf 76' lang='lat' dir='ltr'>aquae·</span> <span class='ocrx_word' id='word_1_110' title='bbox 1512 2547 1553 2613; x_wconf 89' lang='lat' dir='ltr'>et</span> <span class='ocrx_word' id='word_1_111' title='bbox 1584 2529 1684 2614; x_wconf 77' lang='lat' dir='ltr'>alitis</span> <span class='ocrx_word' id='word_1_112' title='bbox 1711 2527 1840 2612; x_wconf 88' lang='lat' dir='ltr'>maior</span> <span class='ocrx_word' id='word_1_113' title='bbox 1869 2529 1982 2612; x_wconf 84' lang='lat' dir='ltr'>citius</span> <span class='ocrx_word' id='word_1_114' title='bbox 2013 2525 2088 2613; x_wconf 88' lang='lat' dir='ltr'>ces-</span> 
     </span>
    </p>
   </div>
   <div class='ocr_carea' id='block_1_9' title="bbox 737 2653 2233 2904">
    <p class='ocr_par' dir='ltr' id='par_1_9' title="bbox 737 2653 2233 2904">
     <span class='ocr_line' id='line_1_17' title="bbox 737 2653 2233 2772; baseline 0.002 -32"><span class='ocrx_word' id='word_1_115' title='bbox 737 2654 834 2760; x_wconf 81' lang='lat' dir='ltr'>¹sare</span> <span class='ocrx_word' id='word_1_116' title='bbox 862 2658 905 2740; x_wconf 90' lang='lat' dir='ltr'>in</span> <span class='ocrx_word' id='word_1_117' title='bbox 936 2653 1057 2742; x_wconf 80' lang='lat' dir='ltr'>massa·</span> <span class='ocrx_word' id='word_1_118' title='bbox 1086 2659 1261 2766; x_wconf 89' lang='lat' dir='ltr'>minori,</span> <span class='ocrx_word' id='word_1_119' title='bbox 1293 2683 1411 2772; x_wconf 85' lang='lat' dir='ltr'>quarn</span> <span class='ocrx_word' id='word_1_120' title='bbox 1444 2660 1484 2743; x_wconf 92' lang='lat' dir='ltr'>in</span> <span class='ocrx_word' id='word_1_121' title='bbox 1515 2656 1631 2744; x_wconf 81' lang='lat' dir='ltr'>massa</span> <span class='ocrx_word' id='word_1_122' title='bbox 1660 2657 1821 2766; x_wconf 91' lang='lat' dir='ltr'>maiori,</span> <span class='ocrx_word' id='word_1_123' title='bbox 1853 2657 2089 2770; x_wconf 87' lang='lat' dir='ltr'>consequen·</span> <span class='ocrx_word' id='word_1_124' title='bbox 2232 2726 2233 2729; x_wconf 9' lang='grc' dir='ltr'><strong><em>κ</em></strong></span> 
     </span>
     <span class='ocr_line' id='line_1_18' title="bbox 758 2785 2233 2904; baseline 0.003 -37"><span class='ocrx_word' id='word_1_125' title='bbox 758 2793 818 2867; x_wconf 85' lang='lat' dir='ltr'>ter</span> <span class='ocrx_word' id='word_1_126' title='bbox 857 2785 1023 2866; x_wconf 85' lang='lat' dir='ltr'>mutatio</span> <span class='ocrx_word' id='word_1_127' title='bbox 1059 2785 1157 2868; x_wconf 81' lang='lat' dir='ltr'>a‘e&#39;ris</span> <span class='ocrx_word' id='word_1_128' title='bbox 1174 2785 1179 2792; x_wconf 82' lang='grc'>’</span> <span class='ocrx_word' id='word_1_129' title='bbox 1194 2787 1293 2900; x_wconf 88' lang='lat' dir='ltr'>resp.</span> <span class='ocrx_word' id='word_1_130' title='bbox 1329 2788 1538 2900; x_wconf 89' lang='lat' dir='ltr'>temperiei</span> <span class='ocrx_word' id='word_1_131' title='bbox 1569 2788 1694 2904; x_wconf 70' lang='lat' dir='ltr'>sada,</span> <span class='ocrx_word' id='word_1_132' title='bbox 1726 2789 1855 2896; x_wconf 88' lang='lat' dir='ltr'>quauis</span> <span class='ocrx_word' id='word_1_133' title='bbox 1885 2787 1973 2870; x_wconf 81' lang='lat' dir='ltr'>uice</span> <span class='ocrx_word' id='word_1_134' title='bbox 2005 2788 2088 2872; x_wconf 90' lang='lat' dir='ltr'>diu·</span> <span class='ocrx_word' id='word_1_135' title='bbox 2232 2814 2233 2827; x_wconf 52' lang='lat'>¹</span> 
     </span>
    </p>
   </div>
   <div class='ocr_carea' id='block_1_10' title="bbox 680 2909 2090 3273">
    <p class='ocr_par' dir='ltr' id='par_1_10' title="bbox 680 2909 2090 3273">
     <span class='ocr_line' id='line_1_19' title="bbox 757 2909 2090 3019; baseline 0.001 -22"><span class='ocrx_word' id='word_1_136' title='bbox 757 2909 831 2997; x_wconf 85' lang='lat' dir='ltr'>tius</span> <span class='ocrx_word' id='word_1_137' title='bbox 879 2910 1016 2995; x_wconf 82' lang='lat' dir='ltr'>durare</span> <span class='ocrx_word' id='word_1_138' title='bbox 1077 2911 1217 2991; x_wconf 82' lang='lat' dir='ltr'>debere</span> <span class='ocrx_word' id='word_1_139' title='bbox 1267 2920 1584 3018; x_wconf 76' lang='lat' dir='ltr'>euaporucioncrn</span> <span class='ocrx_word' id='word_1_140' title='bbox 1638 2917 1826 3019; x_wconf 82' lang='lat' dir='ltr'>insignem</span> <span class='ocrx_word' id='word_1_141' title='bbox 1875 2917 1917 2996; x_wconf 89' lang='lat' dir='ltr'>in</span> <span class='ocrx_word' id='word_1_142' title='bbox 1966 2909 2090 3001; x_wconf 76' lang='lat' dir='ltr'>massa</span> 
     </span>
     <span class='ocr_line' id='line_1_20' title="bbox 753 3036 2090 3144; baseline -0.001 -21"><span class='ocrx_word' id='word_1_143' title='bbox 753 3038 896 3129; x_wconf 85' lang='lat' dir='ltr'>maiori</span> <span class='ocrx_word' id='word_1_144' title='bbox 960 3061 1091 3141; x_wconf 65' lang='lat' dir='ltr'>qum</span> <span class='ocrx_word' id='word_1_145' title='bbox 1130 3037 1173 3110; x_wconf 74' lang='grc'>111</span> <span class='ocrx_word' id='word_1_146' title='bbox 1220 3036 1337 3113; x_wconf 73' lang='grc' dir='ltr'>11111ίῖ1</span> <span class='ocrx_word' id='word_1_147' title='bbox 1384 3036 1557 3114; x_wconf 60' lang='lat' dir='ltr'>mimi?</span> <span class='ocrx_word' id='word_1_148' title='bbox 1602 3039 1656 3127; x_wconf 50' lang='lat' dir='ltr'>b*</span> <span class='ocrx_word' id='word_1_149' title='bbox 1674 3058 1778 3110; x_wconf 61' lang='grc' dir='ltr'>Ἧι</span> <span class='ocrx_word' id='word_1_150' title='bbox 1832 3036 1961 3137; x_wconf 88' lang='lat' dir='ltr'>affert,</span> <span class='ocrx_word' id='word_1_151' title='bbox 1995 3041 2090 3144; x_wconf 90' lang='lat' dir='ltr'>quid</span> 
     </span>
     <span class='ocr_line' id='line_1_21' title="bbox 680 3152 2090 3273; baseline -0.001 -28"><span class='ocrx_word' id='word_1_152' title='bbox 680 3264 683 3273; x_wconf 89' lang='lat'><em>.</em></span> <span class='ocrx_word' id='word_1_153' title='bbox 755 3163 987 3267; x_wconf 87' lang='lat' dir='ltr'>contingat,</span> <span class='ocrx_word' id='word_1_154' title='bbox 1022 3155 1053 3236; x_wconf 83' lang='lat' dir='ltr'>su</span> <span class='ocrx_word' id='word_1_155' title='bbox 1092 3158 1160 3235; x_wconf 66' lang='lat' dir='ltr'>aer</span> <span class='ocrx_word' id='word_1_156' title='bbox 1198 3152 1371 3261; x_wconf 80' lang='lat' dir='ltr'>frigidior</span> <span class='ocrx_word' id='word_1_157' title='bbox 1411 3153 1465 3235; x_wconf 88' lang='lat' dir='ltr'>est</span> <span class='ocrx_word' id='word_1_158' title='bbox 1505 3178 1622 3263; x_wconf 86' lang='lat' dir='ltr'>quarn</span> <span class='ocrx_word' id='word_1_159' title='bbox 1663 3178 1790 3265; x_wconf 87' lang='lat' dir='ltr'>aqua,</span> <span class='ocrx_word' id='word_1_160' title='bbox 1832 3154 1899 3240; x_wconf 88' lang='lat' dir='ltr'>uel</span> <span class='ocrx_word' id='word_1_161' title='bbox 1930 3160 2090 3249; x_wconf 87' lang='lat' dir='ltr'>calidior</span> 
     </span>
    </p>
   </div>
   <div class='ocr_carea' id='block_1_11' title="bbox 752 3278 2233 3400">
    <p class='ocr_par' dir='ltr' id='par_1_11' title="bbox 752 3278 2233 3400">
     <span class='ocr_line' id='line_1_22' title="bbox 752 3278 2233 3400; baseline 0 -26"><span class='ocrx_word' id='word_1_162' title='bbox 752 3312 871 3400; x_wconf 84' lang='lat' dir='ltr'>quam</span> <span class='ocrx_word' id='word_1_163' title='bbox 901 3307 1013 3395; x_wconf 86' lang='lat' dir='ltr'>aqua.</span> <span class='ocrx_word' id='word_1_164' title='bbox 1042 3278 1079 3379; x_wconf 85' lang='lat'>§.</span> <span class='ocrx_word' id='word_1_165' title='bbox 1119 3302 1189 3362; x_wconf 85' lang='lat'>12.</span> <span class='ocrx_word' id='word_1_166' title='bbox 1256 3278 1349 3390; x_wconf 92' lang='lat' dir='ltr'>quid</span> <span class='ocrx_word' id='word_1_167' title='bbox 1386 3279 1635 3390; x_wconf 89' lang='lat' dir='ltr'>probabiliter</span> <span class='ocrx_word' id='word_1_168' title='bbox 1673 3283 1830 3393; x_wconf 87' lang='lat' dir='ltr'>euenire</span> <span class='ocrx_word' id='word_1_169' title='bbox 1866 3287 2089 3399; x_wconf 87' lang='lat' dir='ltr'>debeat,fi</span> <span class='ocrx_word' id='word_1_170' title='bbox 2232 3377 2233 3390; x_wconf 9' lang='grc' dir='ltr'>ζ</span> 
     </span>
    </p>
   </div>
   <div class='ocr_carea' id='block_1_12' title="bbox 751 3408 2095 4427">
    <p class='ocr_par' dir='ltr' id='par_1_12' title="bbox 751 3408 2095 4427">
     <span class='ocr_line' id='line_1_23' title="bbox 752 3408 2088 3531; baseline 0.005 -31"><span class='ocrx_word' id='word_1_171' title='bbox 752 3420 821 3501; x_wconf 81' lang='lat' dir='ltr'>a&#39;e&#39;t</span> <span class='ocrx_word' id='word_1_172' title='bbox 852 3411 1053 3498; x_wconf 89' lang='lat' dir='ltr'>humidior</span> <span class='ocrx_word' id='word_1_173' title='bbox 1083 3408 1254 3491; x_wconf 86' lang='lat' dir='ltr'>redditur</span> <span class='ocrx_word' id='word_1_174' title='bbox 1283 3432 1400 3518; x_wconf 88' lang='lat' dir='ltr'>quarn</span> <span class='ocrx_word' id='word_1_175' title='bbox 1430 3427 1543 3494; x_wconf 85' lang='lat' dir='ltr'>antea</span> <span class='ocrx_word' id='word_1_176' title='bbox 1585 3431 1626 3495; x_wconf 91' lang='lat' dir='ltr'>et</span> <span class='ocrx_word' id='word_1_177' title='bbox 1654 3408 1767 3495; x_wconf 88' lang='lat' dir='ltr'>fimul</span> <span class='ocrx_word' id='word_1_178' title='bbox 1781 3410 1952 3522; x_wconf 84' lang='lat' dir='ltr'>frigidior</span> <span class='ocrx_word' id='word_1_179' title='bbox 1975 3445 2088 3531; x_wconf 88' lang='lat' dir='ltr'>aqua.</span> 
     </span>
     <span class='ocr_line' id='line_1_24' title="bbox 753 3536 2089 3651; baseline 0.007 -28"><span class='ocrx_word' id='word_1_180' title='bbox 753 3544 790 3646; x_wconf 69' lang='grc' dir='ltr'>ς.</span> <span class='ocrx_word' id='word_1_181' title='bbox 831 3564 902 3639; x_wconf 69' lang='lat'>13.</span> <span class='ocrx_word' id='word_1_182' title='bbox 965 3539 1057 3651; x_wconf 90' lang='lat' dir='ltr'>quid</span> <span class='ocrx_word' id='word_1_183' title='bbox 1098 3537 1249 3622; x_wconf 84' lang='lat' dir='ltr'>eueniat</span> <span class='ocrx_word' id='word_1_184' title='bbox 1288 3536 1564 3647; x_wconf 88' lang='lat' dir='ltr'>probabiliter,</span> <span class='ocrx_word' id='word_1_185' title='bbox 1596 3540 1626 3623; x_wconf 87' lang='lat' dir='ltr'><strong>fi</strong></span> <span class='ocrx_word' id='word_1_186' title='bbox 1657 3542 1727 3622; x_wconf 85' lang='lat' dir='ltr'>a&#39;c&#39;r</span> <span class='ocrx_word' id='word_1_187' title='bbox 1755 3541 1924 3627; x_wconf 84' lang='lat' dir='ltr'>redditur</span> <span class='ocrx_word' id='word_1_188' title='bbox 1955 3546 2089 3633; x_wconf 87' lang='lat' dir='ltr'>hunri-</span> 
     </span>
     <span class='ocr_line' id='line_1_25' title="bbox 752 3664 2075 3781; baseline 0 -24"><span class='ocrx_word' id='word_1_189' title='bbox 752 3672 841 3757; x_wconf 85' lang='lat' dir='ltr'>dior</span> <span class='ocrx_word' id='word_1_190' title='bbox 876 3694 990 3781; x_wconf 89' lang='lat' dir='ltr'>quam</span> <span class='ocrx_word' id='word_1_191' title='bbox 1030 3684 1141 3751; x_wconf 86' lang='lat' dir='ltr'>antea</span> <span class='ocrx_word' id='word_1_192' title='bbox 1179 3683 1225 3747; x_wconf 88' lang='lat' dir='ltr'>et</span> <span class='ocrx_word' id='word_1_193' title='bbox 1259 3664 1372 3749; x_wconf 86' lang='lat' dir='ltr'>simul</span> <span class='ocrx_word' id='word_1_194' title='bbox 1403 3666 1559 3750; x_wconf 90' lang='lat' dir='ltr'>calidior</span> <span class='ocrx_word' id='word_1_195' title='bbox 1597 3692 1712 3779; x_wconf 88' lang='lat' dir='ltr'>quam</span> <span class='ocrx_word' id='word_1_196' title='bbox 1746 3694 1856 3781; x_wconf 80' lang='lat' dir='ltr'>aqna.</span> <span class='ocrx_word' id='word_1_197' title='bbox 1923 3675 1958 3773; x_wconf 65' lang='lat' dir='ltr'>l.</span> <span class='ocrx_word' id='word_1_198' title='bbox 2004 3702 2075 3781; x_wconf 81' lang='lat'>15.</span> 
     </span>
     <span class='ocr_line' id='line_1_26' title="bbox 753 3792 2085 3907; baseline 0.006 -25"><span class='ocrx_word' id='word_1_199' title='bbox 753 3800 913 3884; x_wconf 85' lang='lat' dir='ltr'>tandem</span> <span class='ocrx_word' id='word_1_200' title='bbox 950 3818 1118 3900; x_wconf 86' lang='lat' dir='ltr'>monet,</span> <span class='ocrx_word' id='word_1_201' title='bbox 1159 3792 1249 3875; x_wconf 86' lang='lat' dir='ltr'>licet</span> <span class='ocrx_word' id='word_1_202' title='bbox 1280 3799 1571 3904; x_wconf 82' lang='lat' dir='ltr'>euaporationes</span> <span class='ocrx_word' id='word_1_203' title='bbox 1618 3822 1799 3907; x_wconf 72' lang='lat' dir='ltr'>apramm</span> <span class='ocrx_word' id='word_1_204' title='bbox 1838 3806 1878 3884; x_wconf 90' lang='lat' dir='ltr'>in</span> <span class='ocrx_word' id='word_1_205' title='bbox 1911 3804 2009 3889; x_wconf 76' lang='lat' dir='ltr'>uasis</span> <span class='ocrx_word' id='word_1_206' title='bbox 2041 3810 2085 3893; x_wconf 89' lang='lat' dir='ltr'>in</span> 
     </span>
     <span class='ocr_line' id='line_1_27' title="bbox 753 3921 2077 4046; baseline -0.008 -35"><span class='ocrx_word' id='word_1_207' title='bbox 753 3932 847 4013; x_wconf 77' lang='lat' dir='ltr'>ac&#39;re</span> <span class='ocrx_word' id='word_1_208' title='bbox 879 3924 1055 4038; x_wconf 90' lang='lat' dir='ltr'>pendulis</span> <span class='ocrx_word' id='word_1_209' title='bbox 1088 3938 1162 4005; x_wconf 89' lang='lat' dir='ltr'>etc.</span> <span class='ocrx_word' id='word_1_210' title='bbox 1196 3921 1269 4005; x_wconf 82' lang='lat' dir='ltr'>fint</span> <span class='ocrx_word' id='word_1_211' title='bbox 1300 3922 1350 4004; x_wconf 90' lang='lat' dir='ltr'>fic</span> <span class='ocrx_word' id='word_1_212' title='bbox 1381 3943 1653 4041; x_wconf 83' lang='lat' dir='ltr'>comparatae,</span> <span class='ocrx_word' id='word_1_213' title='bbox 1685 3942 1731 4046; x_wconf 76' lang='lat' dir='ltr'>ut</span> <span class='ocrx_word' id='word_1_214' title='bbox 1758 3930 1886 4012; x_wconf 82' lang='lat' dir='ltr'>maior</span> <span class='ocrx_word' id='word_1_215' title='bbox 1929 3953 1971 4016; x_wconf 88' lang='lat' dir='ltr'>et</span> <span class='ocrx_word' id='word_1_216' title='bbox 1988 3960 2077 4044; x_wconf 80' lang='lat' dir='ltr'>pro.</span> 
     </span>
     <span class='ocr_line' id='line_1_28' title="bbox 751 4042 2095 4169; baseline -0.01 -28"><span class='ocrx_word' id='word_1_217' title='bbox 751 4054 905 4141; x_wconf 87' lang='lat' dir='ltr'>sundior</span> <span class='ocrx_word' id='word_1_218' title='bbox 943 4050 1060 4140; x_wconf 86' lang='lat' dir='ltr'>massa</span> <span class='ocrx_word' id='word_1_219' title='bbox 1091 4048 1178 4159; x_wconf 80' lang='lat' dir='ltr'>plus</span> <span class='ocrx_word' id='word_1_220' title='bbox 1208 4074 1328 4158; x_wconf 84' lang='lat' dir='ltr'>aquae</span> <span class='ocrx_word' id='word_1_221' title='bbox 1361 4070 1572 4159; x_wconf 88' lang='lat' dir='ltr'>euaporet,</span> <span class='ocrx_word' id='word_1_222' title='bbox 1606 4075 1721 4161; x_wconf 89' lang='lat' dir='ltr'>quarn</span> <span class='ocrx_word' id='word_1_223' title='bbox 1768 4042 1894 4140; x_wconf 86' lang='lat' dir='ltr'>minus</span> <span class='ocrx_word' id='word_1_224' title='bbox 1925 4063 2095 4169; x_wconf 68' lang='lat' dir='ltr'>prosun-</span> 
     </span>
     <span class='ocr_line' id='line_1_29' title="bbox 752 4177 2088 4299; baseline 0.005 -31"><span class='ocrx_word' id='word_1_225' title='bbox 752 4184 833 4291; x_wconf 87' lang='lat' dir='ltr'>da,</span> <span class='ocrx_word' id='word_1_226' title='bbox 865 4180 943 4266; x_wconf 91' lang='lat' dir='ltr'>hoc</span> <span class='ocrx_word' id='word_1_227' title='bbox 984 4201 1112 4265; x_wconf 78' lang='lat' dir='ltr'>tamen</span> <span class='ocrx_word' id='word_1_228' title='bbox 1145 4177 1192 4261; x_wconf 88' lang='lat' dir='ltr'>ad</span> <span class='ocrx_word' id='word_1_229' title='bbox 1223 4179 1384 4262; x_wconf 85' lang='lat' dir='ltr'>maiores</span> <span class='ocrx_word' id='word_1_230' title='bbox 1411 4179 1575 4286; x_wconf 64' lang='lat' dir='ltr'>nassas,</span> <span class='ocrx_word' id='word_1_231' title='bbox 1608 4181 1762 4286; x_wconf 86' lang='lat' dir='ltr'>maria,</span> <span class='ocrx_word' id='word_1_232' title='bbox 1793 4187 1924 4293; x_wconf 67' lang='lat' dir='ltr'>lacus,</span> <span class='ocrx_word' id='word_1_233' title='bbox 1958 4192 2088 4299; x_wconf 80' lang='lat' dir='ltr'>fluuit,</span> 
     </span>
     <span class='ocr_line' id='line_1_30' title="bbox 753 4304 2088 4427; baseline 0.002 -26"><span class='ocrx_word' id='word_1_234' title='bbox 753 4312 935 4427; x_wconf 77' lang='lat' dir='ltr'>adplicari</span> <span class='ocrx_word' id='word_1_235' title='bbox 975 4306 1178 4395; x_wconf 84' lang='lat' dir='ltr'>difficulter</span> <span class='ocrx_word' id='word_1_236' title='bbox 1215 4304 1354 4420; x_wconf 84' lang='lat' dir='ltr'>posse,</span> <span class='ocrx_word' id='word_1_237' title='bbox 1394 4305 1514 4393; x_wconf 88' lang='lat' dir='ltr'>alium</span> <span class='ocrx_word' id='word_1_238' title='bbox 1558 4311 1662 4393; x_wconf 89' lang='lat' dir='ltr'>enim</span> <span class='ocrx_word' id='word_1_239' title='bbox 1693 4308 1866 4397; x_wconf 85' lang='lat' dir='ltr'>calorem</span> <span class='ocrx_word' id='word_1_240' title='bbox 1899 4316 2088 4427; x_wconf 85' lang='lat' dir='ltr'>adplicari</span> 
     </span>
    </p>
   </div>
   <div class='ocr_carea' id='block_1_13' title="bbox 1963 4578 2091 4665">
    <p class='ocr_par' dir='ltr' id='par_1_13' title="bbox 1963 4578 2091 4665">
     <span class='ocr_line' id='line_1_31' title="bbox 1963 4578 2091 4665; baseline -0.016 0"><span class='ocrx_word' id='word_1_241' title='bbox 1963 4578 2091 4665; x_wconf 77' lang='lat' dir='ltr'>massis</span> 
     </span>
    </p>
   </div>
   <div class='ocr_carea' id='block_1_14' title="bbox 0 0 2242 5895">
    <p class='ocr_par' dir='ltr' id='par_1_14' title="bbox 0 0 2242 5895">
     <span class='ocr_line' id='line_1_32' title="bbox 0 0 2242 5895; baseline 0 0"><span class='ocrx_word' id='word_1_242' title='bbox 0 0 2242 5895; x_wconf 95' lang='lat' dir='ltr'> </span> 
     </span>
    </p>
   </div>
  </div>
 </body>
</html>
