4475 5900
216 320 232 352 ⁶
345 352 355 369 ’
484 410 756 524 'amasus
788 357 1198 531 mutuarum
1408 472 1498 553 42,

164 652 376 745 describere
404 674 548 746 nouam
580 661 812 750 methodum
854 665 1009 778 eclipses
1046 664 1315 753 Luminarium
1364 674 1495 761 obser·

163 787 280 870 sandi
301 840 315 895 ,
346 805 419 898 quta
449 807 534 873 tam
559 790 691 901 phales
706 792 885 903 eclipseos
902 797 1095 909 uanusque
1111 795 1327 882 Lumiuaria
1345 862 1358 906 ‚
1379 826 1494 912 quam

162 914 328 1000 chordae
357 910 576 1002 nefecbum
607 939 646 1001 et
676 921 878 1029 posuimus
906 941 1035 1009 eanum
1070 924 1117 1009 ud
1149 924 1368 1011 seinuicem
1393 930 1497 1015 diut-

163 1064 308 1153 nosque
338 1042 604 1130 Lumiuarium
635 1072 876 1161 quaecunque
907 1052 1050 1137 codem
1082 1070 1293 1137 momento
1310 1120 1323 1161 ,
1339 1058 1387 1139 ¹ab
1408 1058 1507 1142 vni-¹

161 1194 213 1254 co
241 1168 505 1280 obseruatore,
536 1173 674 1285 absque
707 1179 821 1261 omni
854 1175 920 1261 usu
956 1179 1203 1265 cochleamm
1235 1202 1274 1264 et
1291 1180 1496 1269 machinae

158 1296 449 1407 paradadicae,
482 1302 622 1413 ubique
653 1301 861 1412 locorum,
908 1315 1080 1392 adcurate
1110 1326 1152 1391 et
1181 1326 1370 1419 prompte
1420 1312 1496 1397 ob-

157 1414 289 1509 seruari
313 1426 621 1539 mensurarique,
652 1448 694 1512 et
724 1435 910 1540 quantitas
937 1458 1069 1517 earum
1105 1436 1147 1516 in
1168 1440 1334 1525 numeris
1351 1438 1493 1547 absque

155 1552 235 1637 ulla
263 1549 500 1639 comnibus
530 1554 871 1661 obstruationum,
907 1558 946 1643 in
982 1561 1150 1670 partibus
1179 1582 1313 1645 autem
1359 1562 1493 1651 circuli

156 1683 352 1789 maximi,
382 1682 518 1793 absque
551 1684 809 1768 obseruatione
843 1686 1031 1771 liellarum
1063 1710 1104 1770 et
1123 1687 1407 1771 mensuratione
1432 1690 1493 1775 di-

119 1861 124 1871 ·
157 1807 311 1893 {budae
340 1808 483 1893 obiedii
514 1812 557 1895 in
589 1812 733 1895 Terrae
766 1811 963 1921 superficie
994 1814 1155 1925 praecise
1184 1814 1316 1899 haberi
1357 1816 1490 1903 fimul·

154 1961 229 2049 que
260 1936 364 2023 locus
393 1934 526 2023 Lunae
558 1937 729 2051 respeem
758 1941 988 2053 Aequatotis
1028 1962 1215 2055 apparens
1261 1964 1490 2055 quocunque

152 2082 334 2175 tempore
361 2065 625 2176 deprehendi,
658 2083 699 2149 et
729 2064 895 2152 tranfiuu
923 2071 1003 2151 eiua
1034 2089 1107 2179 per
1139 2068 1259 2154 stellas
1296 2071 1485 2158 obseuurt

148 2193 365 2278 commode
379 2194 519 2305 potest.
553 2194 612 2279 Ea
628 2213 757 2277 autem
775 2192 992 2304 seqoentcm
1011 2196 1051 2277 in
1068 2196 1236 2279 modum
1254 2194 1327 2279 seb
1352 2195 1484 2283 habet.

268 2316 307 2419 p.
330 2338 370 2403 r.
403 2314 442 2405 E
469 2319 579 2418 ,tubo
609 2313 824 2427 quadrantis
855 2317 1046 2426 portatilia
1060 2322 1309 2431 unumunque
1334 2325 1486 2411 cruma-

147 2461 212 2532 tur
249 2445 405 2531 anutdua
434 2443 645 2532 metallicus
676 2446 719 2530 A
740 2438 777 2527 C
795 2443 834 2531 E
852 2444 906 2531 ll.
940 2444 1006 2557 qul
1036 2443 1079 2529 ln
1110 2446 1200 2531 foco
1229 2447 1310 2533 tubi
1343 2451 1689 2561 poscebatuxvuu
1860 2496 1864 2505 ·

147 2574 307 2685 capillos
345 2572 519 2661 extensos
547 2572 739 2660 ordinarie
770 2573 895 2683 gerit,
937 2572 1234 2686 penuriamque
1272 2573 1402 2662 cheud
1442 2580 1484 2677 iu
1534 2570 1642 2649 ΨΜ·

147 2704 321 2814 tnargiue
366 2699 433 2788 suo
461 2702 643 2787 interiore
673 2699 778 2787 dursti
828 2707 870 2787 in
903 2702 999 2786 odio
1031 2721 1156 2815 partes
1184 2703 1354 2815 aequales
1385 2729 1483 2820 pun-

140 2828 223 2916 elis
261 2836 336 2937 A,
368 2826 437 2940 B,
468 2822 539 2940 C,
570 2826 644 2939 D,
678 2825 749 2938 E,
781 2830 845 2940 F,
880 2822 953 2938 G,
985 2828 1058 2937 H,
1088 2826 1244 2915 diuisam
1275 2830 1485 2942 habet,et

147 2985 221 3072 per
239 2961 377 3069 pundba
409 2959 635 3046 ditdfionum
654 2956 696 3041 A
726 2975 768 3042 et
797 2959 866 3065 E,
895 2955 933 3044 C
960 2968 1008 3040 et
1033 2949 1105 3066 G,
1138 2959 1385 3046 extendantur
1402 2963 1482 3050 duo

141 3088 274 3198 capilli
310 3087 515 3175 tenuilhmi
565 3083 669 3174 AB
706 3103 748 3170 et
780 3076 907 3194 CG,
938 3085 1007 3202 qui
1056 3086 1106 3170 ad
1152 3083 1309 3196 angulos
1356 3088 1483 3176 telios

112 3209 218 3300 ‚seb
266 3214 306 3300 in
346 3233 486 3301 centro
529 3215 612 3301 tubi
643 3239 682 3299 m
713 3209 997 3299 intersecabunt.
1062 3209 1164 3298 Item
1212 3237 1282 3324 per
1332 3217 1478 3327 pundia

140 3339 606 3450 BetD‚HctF,
644 3340 896 3426 extendantur
940 3337 1082 3426 ssmiles
1129 3339 1255 3452 capilli
1304 3337 1403 3428 BD
1436 3363 1478 3432 et
1565 3389 1580 3409 x

140 3467 268 3580 HF,
307 3488 346 3556 et
378 3491 489 3556 enmt
518 3468 560 3556 hi
592 3469 641 3554 ad
672 3469 855 3580 capillum
886 3470 927 3555 A
946 3469 1016 3577 E,
1046 3460 1099 3554 et
1117 3470 1250 3552 interse
1289 3471 1473 3582 paralleli.
1574 3531 1591 3564 .

140 3597 298 3687 Deinde
320 3599 490 3684 distantia
514 3598 740 3709 capillontm
756 3595 798 3682 A
815 3597 856 3684 E
872 3616 913 3682 et
928 3595 965 3682 B
979 3594 1025 3681 D
1040 3595 1227 3682 diuidatur
1252 3597 1294 3681 in
1313 3617 1473 3710 quatuor
1583 3665 1587 3671 =

142 3746 272 3842 partes
287 3725 497 3812 adsensum
514 3724 685 3838 aequales
702 3789 715 3836 ,
747 3725 908 3812 extends
924 3728 965 3811 in
982 3724 1115 3810 eadem
1143 3723 1260 3810 tribus
1297 3726 1440 3839 capillis
1458 3793 1473 3842 ,

140 3873 239 3970 op,
270 3875 370 3968 qr,
400 3869 487 3960 st,
518 3851 752 3941 interfect
781 3854 828 3939 ud
858 3853 1015 3966 capillos
1048 3851 1168 3960 ΑΕ,
1203 3849 1474 3968 BD,HF,

141 3984 282 4070 exacie
298 3984 493 4094 parallelis.
509 3981 637 4070 Simili
652 3982 777 4070 modo
793 3982 978 4070 diridamr
1009 3982 1178 4068 dimona
1212 3983 1476 4097 capillomm,

143 4109 235 4201 ΑΕ
265 4136 306 4196 et
337 4109 416 4198 HF
450 4112 568 4198 etiarn
599 4114 640 4196 in
681 4127 821 4225 quator
848 4131 973 4224 partes
990 4111 1202 4221 itidemque
1233 4109 1402 4218 interse,
1433 4129 1478 4197 et

141 4238 330 4358 prioribus
373 4241 423 4325 ad
462 4237 607 4326 sensmn
646 4237 851 4354 aequales,
901 4237 1024 4325 duciis
1069 4237 1216 4352 capillis
1260 4236 1337 4342 li,
1369 4265 1474 4351 uo,

143 4389 186 4459 et
223 4391 312 4483 κγ,
341 4367 441 4460 mlta
471 4365 508 4457 se
536 4387 579 4459 et
616 4369 664 4460 ad
696 4363 862 4585 ῐὲἱῳοε
890 4367 1093 4484 maneb,
1122 4367 1347 4486 ambituque
1379 4391 1473 4582 cplrhtt⁸

781 4519 869 4615 83
901 4520 926 4613 2
1328 4521 1401 4612 caP
