4475 5900
537 437 621 528 nn
651 423 1182 529 damnabantur:
1408 451 1493 538 ,ιι
1627 398 1646 448 ·’
1709 400 1714 408 ’

195 679 323 772 taren,
354 659 495 748 exinde
522 664 806 751 mechanismos
836 688 881 747 ac
910 682 1083 750 naturam
1118 657 1287 748 animalis
1333 663 1502 748 declara·

194 817 310 898 rem,
342 792 500 901 denique
530 791 614 876 usus
644 797 805 900 partium
838 793 878 874 in
906 795 1024 899 cibo,
1057 793 1244 877 medicina
1275 790 1428 900 aliisque
1443 811 1500 872 re*

70 989 79 1003 .
198 919 285 1023 bur,
319 919 516 1027 postremo
546 944 640 1028 quae
671 919 721 1000 de
752 937 890 1027 motu,
920 939 1046 1004 natura
1079 939 1118 1003 et
1149 919 1317 1003 moribus
1332 916 1411 1028 ipse
1442 913 1505 1000 vi·

195 1065 310 1129 vente
340 1045 496 1128 animali
525 1045 789 1150 obseruaram,
819 1044 1007 1131 uerissime
1038 1045 1252 1130 adderem'
1486 1059 1488 1068 ’

311 1169 380 1256 Ne
411 1196 505 1255 vero
537 1173 666 1256 omnia
696 1195 749 1254 ex
780 1189 880 1255 uoto
907 1175 1097 1279 cederent,
1129 1176 1169 1256 in
1200 1172 1308 1283 culpa
1324 1167 1503 1280 firemnt,

194 1296 396 1406 tempestas
424 1301 521 1381 circa
552 1299 642 1382 illud
674 1311 855 1407 tempus,
887 1324 975 1380 cum
1026 1317 1273 1410 caperentur,
1303 1298 1377 1381 fere
1408 1321 1498 1382 con-

195 1421 332 1504 stanter
361 1424 555 1532 pluuiosa,
585 1426 750 1533 frigida,
782 1423 1058 1506 obseruationes
1086 1423 1211 1508 subdiu
1226 1424 1500 1532 instituendae,

193 1548 311 1634 aestus
340 1552 483 1659 maris,
514 1576 642 1661 greges
671 1549 971 1660 nequissimarum
1004 1550 1183 1654 Ibtidum
1214 1551 1394 1662 impmbo
1410 1550 1500 1634 den·
1617 1637 1619 1652 ,

193 1693 235 1758 te
266 1680 398 1762 omnia
427 1678 636 1766 lacessentes
673 1691 721 1760 et*
741 1679 804 1759 sub
834 1677 1006 1758 manibus
1043 1677 1308 1783 subducentes,
1358 1677 1502 1786 quippe

192 1800 358 1886 lustranti
384 1805 529 1887 animai
558 1805 733 1906 chartas,
763 1803 896 1906 librare,
925 1802 1228 1886 atramentarium
1254 1802 1504 1910 abdiderant,

191 1927 367 2014 scribenti
400 1930 541 2013 animal
573 1929 811 2031 lacesbrunt,
844 1929 953 2033 ipsrua
982 1928 1152 2012 animalis
1183 1931 1333 2013 uastitas
1347 1943 1397 2012 'et
1417 1951 1502 2037 par·

194 2057 296 2138 tium
329 2056 471 2160 moles,
508 2058 576 2140 vbi·
606 2057 699 2139 soltu
728 2055 938 2136 obseruator
966 2074 1006 2136 ct
1037 2056 1227 2164 operarius
1256 2055 1328 2140 effe
1357 2055 1501 2160 debui,

194 2184 329 2292 reliqui
360 2205 497 2267 ornnes
529 2185 577 2266 de
610 2183 775 2266 metenda
805 2181 890 2262 naui
924 2199 961 2262 et
1014 2180 1232 2282 liberatione
1281 2180 1403 2265 nostra
1435 2180 1505 2264 ab·

194 2308 286 2394 hinc
315 2309 446 2392 soliciti
478 2328 616 2414 erant,
647 2310 710 2418 qui
738 2310 837 2388 circa
874 2308 1082 2414 uesperam
1105 2309 1200 2388 meis
1218 2306 1425 2417 sumptibus
1452 2305 1502 2394 ad

195 2459 315 2519 unam
349 2435 485 2518 horam
533 2434 840 2518 conducebantur
885 2434 933 2516 ad
963 2434 1072 2516 rudes
1101 2433 1283 2543 quosdam
1321 2431 1502 2538 labores,

194 2562 299 2648 inscii
329 2579 370 2644 et
401 2559 558 2670 pertaesi
587 2562 720 2643 omnia
749 2558 1033 2666 discindebant,
1063 2584 1109 2642 ac
1146 2583 1219 2668 pro
1254 2558 1318 2643 suo
1347 2559 1506 2670 ingenio

195 2707 380 2798 egerant,
430 2711 637 2796 eorumque
684 2686 784 2771 labes
835 2705 874 2770 et
912 2689 1096 2772 damnum
1146 2684 1312 2772 hucdum
1355 2709 1404 2772 ne
1436 2707 1505 2772 me
1557 2726 1561 2735 ·

194 2815 342 2928 prorsus
372 2813 605 2900 destituerent
634 2814 771 2898 laudari
801 2813 1017 2897 debuerunt.
1084 2812 1245 2899 Nullum
1286 2810 1403 2900 viscus
1442 2815 1504 2898 in·

194 2963 347 3053 aegrum
377 2941 548 3026 eximere
576 2965 647 3023 nec
676 2958 901 3052 exemptum
932 2940 1124 3048 explicare
1156 2938 1292 3046 potui,
1322 2957 1368 3023 ut
1397 2937 1505 3025 solidi

194 3071 286 3183 quid
309 3091 501 3178 agerem,
532 3070 586 3153 ita
618 3087 664 3150 vt
695 3087 877 3177 quantum
908 3066 1034 3173 gaudii
1065 3089 1089 3148 e
1121 3061 1340 3175 quibusdam
1378 3062 1507 3149 obsto

194 3193 324 3303 uatis,
352 3195 512 3307 decuplo
542 3195 625 3306 plus
655 3192 821 3277 tristitiae
858 3216 903 3272 ac
935 3190 1034 3274 tedii
1064 3214 1115 3272 ex
1148 3191 1192 3273 iis
1229 3186 1506 3302 conciperem,

195 3350 291 3436 qnae
321 3324 428 3407 utilia
476 3322 617 3407 inradia
658 3318 855 3430 praeterire
893 3318 1033 3423 debui,
1090 3317 1257 3425 adeoque
1304 3316 1509 3403 beneuoloe

195 3452 383 3555 adores,
407 3474 462 3531 ne
493 3448 660 3561 petled’ta
689 3447 760 3531 hac
790 3468 924 3527 manca
956 3440 1199 3552 descriptione
1227 3443 1274 3525 de
1312 3468 1400 3530 mea
1431 3469 1507 3530 uo-

197 3580 339 3665 luntate
367 3593 406 3657 et
436 3576 588 3685 studio,
616 3598 729 3687 quam
759 3571 886 3686 potius
921 3572 972 3656 de
1017 3566 1298 3658 circumstantiis
1345 3574 1506 3660 iudicare

202 3705 325 3792 uelint
352 3726 462 3811 rogo.
1666 3774 1669 3781 .

315 3828 534 3939 Praeparaui
564 3830 724 3916 sceleton
763 3827 874 3915 rituli
915 3825 1083 3937 manati,
1111 3828 1199 3940 cepi
1232 3844 1365 3915 cutem
1412 3850 1504 3913 cum

196 3955 355 4044 cuticula
385 3954 532 4043 seorsim
563 3957 767 4069 separatam
798 3958 970 4067 gramine
999 3954 1133 4041 sartam
1183 3981 1336 4041 mecum
1368 3978 1506 4067 appor-

198 4104 312 4192 tare,
343 4102 505 4167 aecum
537 4083 630 4169 haec
661 4084 717 4172 ob
744 4084 882 4194 nauigii
914 4086 1140 4191 paruitatem
1173 4081 1412 4191 impossibilia
1446 4080 1505 4167 ui·

198 4215 350 4316 derem,
363 4206 480 4317 spolia
507 4207 629 4294 saltim
678 4236 834 4296 mecum
865 4208 1029 4316 sumere,
1057 4209 1121 4296 sed
1149 4226 1191 4293 et
1218 4210 1313 4295 haec
1344 4208 1504 4319 siusira;

199 4337 262 4427 Ita
292 4359 454 4421 etcum
484 4333 619 4421 raone
646 4354 690 4421 et
720 4335 810 4421 vrso
839 4360 884 4423 ac
914 4334 1038 4427 Luttis
1087 4338 1244 4427 marinis
1288 4336 1330 4425 in
1377 4338 1511 4422 animo
1659 4340 1663 4351 '

265 4464 389 4551 som.
407 4460 463 4559 11.
482 4462 592 4603 Nou
611 4460 842 4557 Commeat.
1010 4455 1120 4558 dt
1239 4456 1245 4461 ’
1362 4458 1508 4571 babiti,
