4475 5900
796 446 891 561 {aad
1079 438 1137 533 M
1139 432 1414 534 E'l'HODVS
1446 432 1811 532 ousanANor

800 704 876 766 nae
907 669 1075 759 omnino
1109 668 1335 787 parallelus,
1365 684 1407 755 et
1437 672 1602 782 praecise
1634 668 1673 756 in
1706 667 1823 781 plano
1847 668 2012 763 meridiani
2027 668 2066 765 lu?

802 828 907 894 catus
937 801 1013 888 effe
1041 804 1171 888 debet-
1234 798 1311 887 Sed
1343 802 1390 886 ad
1423 800 1501 884 hoc
1534 802 1695 885 altitudo
1729 798 1808 911 poli
1838 822 2065 915 aerumma

801 937 1069 1049 pauimentum
1102 930 1343 1019 obseruatoril
1375 928 1567 1014 horizonti
1606 927 1764 1042 praecih
1805 928 2021 1039 parallelum,
2042 952 2065 1018 rt

803 1064 913 1149 lineis
946 1061 1165 1144 meridianis
1197 1057 1508 1169 verticalibusque
1555 1056 1746 1168 primatiis
1793 1078 1903 1166 quam
1944 1056 2065 1167 plurimis

804 1192 924 1302 iisque
954 1208 1146 1273 accuratae
1177 1187 1299 1271 dudlis
1329 1184 1506 1271 refertum
1536 1184 1766 1297 requiritur,
1799 1206 1951 1293 quorum
1984 1208 2063 1269 mum

806 1318 982 1432 quodque
1014 1320 1188 1401 maxime
1219 1316 1407 1403 lubricum
1442 1314 1527 1399 est:
1559 1314 1658 1398 adeo
1688 1332 1733 1396 rt
1750 1332 1979 1407 momemum
1998 1333 2064 1395 tem·

804 1448 943 1561 poris,
972 1470 1050 1554 quo
1080 1468 1223 1527 cornua
1256 1440 1387 1525 Lunae
1416 1441 1479 1524 vel
1495 1437 1596 1526 Solis
1611 1441 1804 1551 aequaturi
1821 1438 1974 1549 paralah
1993 1435 2064 1549 im,

805 1574 1051 1680 distantiaque
1084 1588 1304 1654 centrorum
1335 1566 1469 1653 Lunae
1501 1589 1541 1653 et
1573 1568 1769 1675 umbrae,
1817 1567 1878 1651 uel
1923 1564 2023 1651 Lunae
2042 1588 2066 1653 rt

808 1697 941 1807 som,
970 1700 1018 1783 ad
1051 1700 1219 1782 eundem
1251 1697 1565 1808 perpendicularis
1597 1696 1680 1803 eli,
1713 1692 1899 1780 methodo
1925 1694 1984 1779 luc
2006 1719 2067 1777 nun·

807 1853 929 1941 quam
961 1827 1039 1911 fere
1068 1824 1148 1910 fine
1180 1850 1305 1910 errore
1336 1822 1491 1910 senfibill
1523 1822 1706 1941 obseruari
1727 1821 1852 1934 pollrt.
1910 1817 1993 1907 Cum
2006 1820 2064 1907 lma

808 1955 888 2045 fine
917 1954 1037 2040 dnbio
1068 1952 1284 2039 clarlllrmus
1311 1952 1512 2063 Heinius,
1530 1952 1664 2037 animo
1679 1952 1925 2064 perpenderet
1938 2016 1949 2059 ,
1962 1948 2067 2034 methu

807 2082 980 2192 utruque
1011 2078 1145 2190 phales
1175 2080 1372 2188 eclipfirun
1405 2098 1445 2183 et
1474 2080 1632 2194 chordas
1664 2080 1879 2165 defectuum
1896 2144 1908 2187 ‚
1926 2096 2066 2185 nrumqu

809 2208 1018 2321 pontione
1044 2208 1093 2290 ad
1122 2204 1160 2290 se
1190 2203 1363 2291 inuicem
1394 2208 1512 2291 etad
1541 2206 1696 2291 diurnus
1725 2204 1970 2292 Luminarinm
1992 2228 2066 2312 qun

809 2360 958 2448 cunque
990 2336 1137 2417 eudem
1176 2350 1363 2443 tempore
1412 2354 1599 2445 prompte
1629 2352 1671 2417 et
1701 2352 1871 2421 accurate
1912 2326 2065 2417 obrmnd

697 2523 701 2533 ·
762 2556 769 2581 ,
808 2464 853 2550 in
884 2462 1138 2549 Astronomia
1169 2460 1336 2570 pmdiica
1361 2464 1514 2547 ‘merito
1550 2460 1672 2547 adhuc
1723 2463 1911 2549 deiiderari
1949 2460 2066 2562 ndnu,

810 2588 1012 2707 proposuit
1043 2587 1242 2672 occasrone
1271 2586 1451 2700 eclipseos
1482 2583 1623 2675 Solaria
1655 2588 1779 2677 Auno
1817 2610 1948 2696 1739,
1978 2578 2065 2671 mni

809 2718 988 2831 Augusto
1019 2741 1044 2802 a
1074 2719 1112 2799 se
1143 2714 1208 2801 hic
1240 2714 1438 2827 Petropoli
1465 2716 1706 2828 (alemenae,
1759 2702 1994 2821 methodum,
2023 2732 2066 2820 ur

700 2920 704 2925 .
809 2847 946 2934 munia
977 2844 1074 2929 haec
1104 2842 1265 2956 quaelita
1296 2844 1502 2969 epipleus,
1540 2870 1631 2960 ¹ope
1659 2848 1740 2933 tubi
1788 2842 2013 2933 Allrunumici
2034 2860 2066 2917 re

810 2976 937 3063 ticulu
965 2989 1116 3057 tantum
1148 2973 1344 3058 ordinario
1375 2973 1572 3085 inuncti,
1603 2975 1742 3088 absque
1772 2979 1878 3062 omni
1918 2967 1970 3056 usu
1992 2961 2068 3050 coch-

672 3210 674 3213 ,
810 3104 988 3212 murm,
1035 3100 1336 3213 capillonrmque
1386 3104 1596 3189 mobilium
1610 3131 1614 3148 ⁴
1628 3105 1676 3190 ab
1705 3105 1825 3190 unico
1869 3096 2068 3199 oblemature,

810 3233 955 3319 eudem
989 3231 1178 3339 temporis
1208 3249 1419 3324 momentu
1452 3251 1637 3344 prompte
1668 3232 1798 3320 haberi
1833 3229 1972 3342 poliunt.
2020 3219 2069 3302 Vr·

811 3385 901 3448 rum
931 3358 1018 3471 quia
1047 3359 1089 3440 in
1119 3355 1311 3442 methodo
1351 3357 1425 3444 hac
1456 3359 1703 3446 dedudiiunee
1752 3357 1979 3476 quaesituram
2016 3347 2069 3432 illu

812 3513 901 3574 nrm
934 3481 1112 3596 eclipeos
1139 3507 1213 3596 per
1241 3485 1427 3572 calcarium
1479 3509 1532 3573 ex
1561 3485 1872 3575 obseruationibus
1897 3483 2009 3568 eadem
2033 3473 2070 3554 iu·

813 3614 977 3719 ilitntia,
1007 3631 1141 3698 motus
1156 3611 1243 3698 diui
1260 3638 1525 3728 cornuumque
1541 3616 1697 3730 phehor
1713 3643 1784 3730 per
1797 3613 1924 3703 discum
1946 3601 2070 3714 eriphn

813 3759 897 3828 tem
914 3761 1096 3853 tempore
1112 3738 1381 3828 obseruatione
1395 3747 1572 3832 obtinem
1582 3762 1605 3856 ‚⁴
1617 3747 1765 3834 aliunde
1782 3813 1793 3854 ,
1809 3767 1881 3834 uun
1896 3727 2071 3846 exiphol

815 3869 1022 3956 lenanune
1040 3867 1217 3980 phanum
1233 3873 1473 3980 cogninrs,et
1492 3898 1570 3958 non
1586 3871 1654 3960 nili
1672 3857 2071 3973 nordmaniam

817 3992 945 4084 errore
993 3997 1148 4110 aliquo,
1199 4019 1243 4081 vt
1267 3996 1349 4109 ipse
1373 3999 1421 4083 cl
1455 4019 1566 4086 autur
1597 4003 1750 4104 innuit,
1780 3987 2071 4088 determinandae

817 4121 1060 4236 phalibusrpre
1088 4121 1297 4210 obscuratis
1329 4123 1480 4239 stmper
1511 4129 1779 4217 strbtrahordus
1813 4119 2073 4246 ingrediamur

816 4247 915 4335 lraec
931 4255 1085 4362 qudem
1110 4253 1320 4340 methodus
1335 4255 1495 4367 quaesita
1512 4258 1573 4344 illa
1590 4258 1766 4374 eclipseos
1778 4243 1956 4342 obtinendi
1985 4255 2074 4322 0fflss1·

819 4394 968 4483 mnan
996 4380 1065 4471 dl·
1098 4379 1209 4502 Qec
1242 4409 1333 4474 cum
1366 4384 1421 4476 ita
1450 4385 1490 4475 se
1518 4387 1712 4504 habant,
1742 4355 2074 4588 proposuidffi
