4475 5900
1335 469 1359 588 i
1391 473 1508 581 ¹⁶)

764 795 766 800 ,
908 705 1107 824 Proponit
1139 707 1250 796 ianne
1283 706 1330 794 'in
1363 703 1493 794 :finem
1526 702 1759 790 machinam
1799 703 1996 816 quantiam
2010 815 2017 828 .
2033 703 2115 797 acl.

757 838 870 927 cuius
909 841 1243 926 constructionem
1290 863 1434 947 magna
1468 836 1627 950 quidem
1666 835 1781 945 copia
1808 839 1994 920 ⁴mercurii
2029 861 2097 920 re·

763 970 956 1084 quiritur,
998 995 1114 1082 quam
1155 989 1290 1054 tamen
1317 983 1494 1050 accurate
1525 965 1610 1046 satis
1636 941 1892 1070 construere,
1918 982 1966 1046 et
1995 966 2094 1049 diui·

707 1105 710 1112 '
766 1101 859 1183 dere
896 1100 1041 1204 docet,
1082 1116 1131 1182 ut
1164 1096 1380 1202 omnibus,
1418 1119 1514 1206 quae
1539 1092 1737 1206 hucusque
1763 1093 1990 1204 praecidere
2014 1119 2098 1216 1³⁰3

761 1229 881 1334 urit,
912 1245 1139 1311 occurratur
1172 1228 1312 1313 dubiis.

845 1371 1232 1488 Descriptionem
1268 1374 1381 1461 huirn
1413 1371 1620 1460 machinae
1653 1371 1877 1456 uberiorem
1921 1371 2098 1470 lecioren

765 1503 814 1620 'in
848 1503 1114 1592 diffamatione
1152 1504 1233 1617 ipa
1265 1505 1495 1614 inuenient,
1535 1503 1576 1585 id
1606 1502 1714 1586 nobis
1742 1501 1878 1585 saltem
1904 1504 2099 1588 adiicien-

768 1638 898 1737 dum,
947 1635 1200 1746 cogitationen
1244 1632 1317 1720 has
1363 1632 1468 1718 haud
1505 1631 1679 1742 indiguas
1718 1631 1832 1741 effe,
1859 1651 1907 1716 ut
1936 1637 2097 1744 experi-

768 1783 906 1851 mento
939 1765 1279 1872 comprobentur,
1314 1763 1537 1872 quoniam,
1564 1759 1596 1844 11
1624 1757 1690 1846 uel
1717 1763 1904 1844 manime
1937 1783 2098 1848 euentus

765 1913 852 1978 ‘nou
901 1892 943 1973 iu
969 1891 1158 1974 omnibus
1189 1889 1334 1974 :exacte
1369 1886 1625 2001 respoudeat,
1665 1906 1738 1972 aut
1771 1907 1909 1975 natura
1940 1889 2101 1978 calculo

771 2015 859 2130 ipsis
899 2014 935 2100 se
973 2017 1092 2127 piane
1137 2017 1271 2101 subiici
1303 2013 1410 2100 forte
1445 2021 1624 2125 recuiet,
1665 2039 1919 2130 unaquaeque
1960 2038 2099 2108 tamen

771 2147 913 2228 veritas
961 2168 1036 2255 per
1084 2147 1353 2255 experimenta
1387 2144 1549 2230 stabilita
1584 2145 1815 2256 reipublicae
1851 2147 1961 2231 vtilis
2001 2175 2099 2234 cen·

768 2271 882 2361 seoda
918 2271 974 2357 est
1007 2271 1225 2380 literaria,
1259 2273 1446 2383 uqudem
1499 2273 1604 2358 haud
1640 2275 1778 2360 leuiter
1822 2279 2010 2365 conducit
2042 2280 2101 2368 ad

772 2395 916 2490 11111111
950 2399 1191 2514 cognitionis
1221 2401 1377 2488 nostrae
1405 2398 1718 2515 amplificandos.

776 2746 825 2831 C.
849 2751 908 2831 G.
936 2749 1343 2834 nnnrzunsmmn
1381 2748 1453 2828 DE
1478 2745 1709 2828 STA'OERA
1744 2749 2109 2838 omnuim

612 2873 618 2880 “
1109 2854 1177 2934 nir
1204 2851 1434 2934 NAVTICA
1451 2851 1784 2933 DISSERTATIO.

864 3148 959 3217 utor
990 3134 1070 3215 iam
1097 3124 1358 3238 perficiendae
1380 3127 1460 3211 atti
1485 3124 1695 3237 nauticae,
1722 3124 2020 3239 quatenus-hoc
2044 3154 2102 3221 ex

899 3258 988 3343 foro
1027 3256 1260 3341 mechanico
1295 3252 1387 3340 fieri
1423 3256 1582 3369 potest,
1619 3255 1789 3341 intentus
1820 3258 1875 3341 de
1902 3260 2101 3348 methodo

765 3386 938 3497 quadarn
974 3386 1180 3473 meditatus
1209 3384 1299 3495 est,
1323 3410 1403 3495 qua
1428 3384 1601 3471 eleuatio
1632 3384 1719 3497 poli
1744 3385 1885 3499 absque
1912 3388 1996 3473 1111
2024 3392 2097 3475 ob·

764 3515 982 3601 seruatione
1016 3514 1331 3599 astronomica
1313 3515 1479 3601 inueniri
1513 3510 1660 3625 posset.
1715 3509 1824 3599 Cum
1858 3519 1973 3599 euim
2000 3543 2099 3603 nau·

771 3663 836 3727 rae
863 3644 1010 3755 'saepius
1035 3669 1113 3757 per
1142 3645 1310 3752 integras
1344 3640 1610 3729 hebdomades
1643 3660 1808 3757 propter
1832 3644 1996 3730 coelum
2026 3672 2099 3731 nu·

767 3771 893 3857 ‚hilum
928 3772 1217 3857 obseruationes
1246 3770 1458 3856 intitudinis
1491 3773 1685 3856 instituere
1718 3792 1945 3884 nequeant,
1974 3775 2100 3859 adeo-

770 3926 846 4014 que
894 3928 948 3987 ex
988 3902 1066 3989 suia
1105 3900 1330 3987 (1111111011
1371 3918 1420 3983 et
1453 3881 1725 3985 aestimatione
1760 3902 1915 3986 itineris
1947 3903 2098 3991 ¹'interea

767 4032 963 4140 temporis
995 4031 1049 4117 ad
1074 4030 1176 4115 duos
1210 4028 1390 4140 pluresue
1419 4032 1562 4138 gradus
1585 4030 1783 4115 ‘interdum
1812 4028 1893 4115 salii
1919 4031 2100 4144 potunt,

769 4158 992 4269 praesertim
1018 4160 1160 4245 11111
1157 4157 1279 4244 maris
1305 4179 1592 4242 concurrente
1583 4185 1773 4272 ‚magno
1799 4161 1930 4243 nautis
1954 4159 2097 4247 solatio

771 4284 855 4369 fore
885 4287 1065 4372 iudicauit
1089 4306 1240 4395 autor,
1276 4285 1311 4370 1ι
1341 4286 1407 4371 sub
1429 4289 1623 4373 eiusmodi
1656 4288 1955 4373 circumstantiis
1979 4310 2097 4374 com·

770 4414 899 4502 modo
928 4417 1097 4531 quodam
1126 4418 1250 4506 modo
1275 4414 1477 4502 iustiorem
1512 4415 1707 4505 calculrnn
1738 4440 1801 4503 ex
1827 4418 1983 4505 inuenta
2010 4416 2100 4500 ele·

1940 4566 2097 4656 ratione
