4475 5900
415 418 688 517 narrans
718 412 1137 553 mutuarum,
1388 427 1482 529 4⁶1

171 666 298 752 Lunae
330 660 474 753 stridem
507 683 549 750 et
578 666 718 751 eodem
735 665 864 751 modo
879 663 997 775 data,
1027 682 1073 749 et
1088 660 1242 749 restabit
1255 664 1354 751 linea
1372 692 1410 753 m
1427 666 1502 777 T,

171 792 340 881 mensura
368 791 557 905 segmenti
586 792 747 878 lunaris
779 795 820 877 in
852 794 964 877 initio
993 792 1267 878 obseruationis
1291 795 1492 881 obscurati.

171 917 322 1011 Deinde
353 947 427 1034 pro
457 924 560 1009 linea
589 946 667 1007 mn
697 926 739 1007 in
769 922 904 1007 iisdem
943 921 1113 1033 partibus
1142 920 1395 1032 inuenienda,
1435 926 1516 1009 in·-

169 1055 303 1134 serator
339 1075 491 1161 porro,
539 1048 593 1132 ob
643 1050 830 1160 triangula
878 1050 1004 1138 PuR
1038 1071 1078 1136 et
1109 1072 1141 1133 a
1155 1050 1220 1137 nb
1258 1052 1391 1138 itidem
1426 1076 1494 1165 per

169 1180 491 1267 constnrllionem
520 1178 754 1285 similium
785 1178 864 1267 Ra
893 1177 930 1262 se
961 1163 1078 1265 habet'
1106 1178 1154 1264 ad
1186 1180 1294 1293 aP;
1327 1183 1379 1266 ita
1412 1182 1494 1269 bn

168 1307 214 1391 ad
246 1333 345 1413 an,
378 1308 592 1417 distanpam
623 1306 753 1420 puncti
787 1332 862 1393 na
893 1303 1034 1421 capillo
1064 1333 1148 1415 ary
1179 1309 1304 1393 eidem
1357 1314 1496 1421 proxi·

171 1460 240 1519 mo
271 1434 489 1546 quaefitam.
553 1432 802 1521 Subtrahatur
832 1433 933 1521 linea
965 1434 1062 1519 haec
1092 1459 1162 1523 an
1194 1437 1406 1522 adillantia
1432 1464 1498 1525 ca·

168 1563 348 1677 pillosum
379 1564 469 1649 HF
509 1582 549 1647 et
577 1589 608 1650 x
621 1592 657 1671 y
687 1565 728 1647 in
768 1564 906 1649 iisdem
954 1554 1123 1676 partibus
1156 1559 1254 1665 §3¹³⁰
1302 1565 1422 1675 data,
1456 1583 1497 1652 et

166 1692 323 1793 restabit
362 1692 467 1778 linea
498 1719 609 1796 mn,
663 1690 839 1779 mensura
886 1688 1075 1805 segmenti
1125 1694 1286 1779 umbrae
1318 1695 1360 1777 in
1392 1691 1496 1783 disco

167 1812 328 1929 Lunae5
361 1838 541 1933 tempore
579 1821 774 1906 contadtus
821 1844 1008 1905 cornuum
1041 1844 1130 1908 curn
1183 1820 1326 1930 capillo
1357 1822 1398 1914 H
1433 1824 1497 1937 F,

168 1948 373 2060 conspicui.
449 1949 624 2033 Addanrr
670 1946 773 2033 linea
823 1945 916 2033 baec
965 1973 1042 2033 mn
1082 1950 1131 2035 ad
1161 1946 1305 2035 lineam
1353 1976 1391 2037 m
1423 1952 1497 2063 T,

166 2077 403 2188 segmentum
434 2074 586 2162 Lunare
616 2074 724 2189 sopra
754 2078 977 2185 inuentum,
1011 2065 1161 2161 summa
1191 2078 1299 2163 dabit
1346 2083 1498 2189 quanti·

166 2222 288 2289 tatem
321 2206 501 2317 eclipseos
528 2207 570 2289 in
602 2208 716 2290 initio
744 2201 1039 2312 obseruatiouis,
1080 2202 1142 2289 seu
1174 2221 1356 2318 tempore
1403 2235 1500 2296 coa·

166 2332 292 2419 nutu
321 2358 511 2420 cornuum
543 2361 633 2421 cnm
655 2331 814 2443 papillo
846 2332 938 2417 HF
979 2328 1249 2442 conspersum,
1291 2334 1502 2423 oscillatio-

165 2464 276 2548 nibus
306 2460 503 2573 horologii
534 2464 584 2547 ad
616 2479 775 2570 motum
806 2459 927 2543 centri
958 2455 1090 2543 Lunae
1121 2458 1248 2545 relatis
1262 2463 1497 2575 expressam.

166 2591 320 2679 Eadem
354 2609 483 2676 autem
523 2589 765 2700 inpartibus
812 2587 1052 2672 duodecimis
1082 2587 1168 2675 disci
1218 2585 1377 2677 Lunaris
1425 2620 1501 2683 noc

165 2743 251 2805 non
283 2718 478 2803 inclinatio
510 2718 679 2801 chordae
710 2714 917 2801 defectione
949 2718 996 2801 ad
1029 2716 1210 2803 diurnum
1230 2716 1393 2828 Lunae,
1418 2724 1501 2809 dia·

164 2864 367 2959 meterque
396 2848 561 2933 vmbrae
592 2844 799 2931 Terrestris
829 2870 899 2956 per
928 2845 1038 2956 supra
1069 2844 1153 2929 data
1192 2847 1333 2931 eodem
1365 2853 1501 2967 ¹modo

167 2977 446 3088 inuenientur‚
473 3002 551 3086 quo
580 2963 734 3062 easdem
766 2974 853 3078 §5²⁰
895 2973 1078 3058 sumilibus
1108 2975 1207 3059 datis
1237 2975 1497 3067 definiuimus.

286 3104 323 3206 §.
348 3129 419 3209 15.
451 3103 608 3192 Eodem
629 3105 750 3190 modo
764 3102 895 3212 phascs
918 3101 1075 3186 ulterius
1092 3102 1362 3212 obseratum,
1386 3126 1503 3216 quot·

169 3252 268 3348 quot
305 3232 488 3340 libuerit,
537 3235 739 3344 dirigendo
779 3228 845 3313 sc:
895 3231 1046 3340 semper
1094 3232 1276 3344 capillum
1326 3234 1418 3318 HF
1452 3235 1501 3322 ad

165 3386 313 3450 cornua
342 3361 531 3474 phaseor,
561 3361 805 3475 appulsirsque
835 3357 1046 3444 limborum
1088 3362 1251 3444 umbrae
1298 3361 1503 3452 Tenestris

164 3508 211 3578 et
240 3491 373 3578 Lonae
401 3492 449 3576 ad
480 3491 572 3574 duos
602 3491 760 3602 capillos
796 3491 906 3574 iuxta
944 3484 1068 3573 Schol
1103 3499 1202 3568 1mum
1234 3481 1311 3592 §5⁶
1361 3495 1502 3604 eligen-

168 3624 244 3706 dos
275 3619 478 3727 notando,
507 3611 631 3703 donec
664 3642 806 3703 cornua
836 3615 996 3726 phaseos
1024 3618 1066 3701 in
1096 3615 1209 3704 ficum
1240 3620 1383 3712 diurnis
1422 3619 1499 3708 Lu·
1539 3710 1541 3718 ,

161 3773 244 3836 nae
274 3751 340 3836 uel
372 3748 530 3833 umbrae
559 3747 759 3832 Terrestris
787 3743 1007 3858 parallelum
1026 3746 1292 3858 peremerint,
1329 3767 1501 3862 tempus

160 3903 243 3990 quc
284 3876 450 3965 tranfitus
479 3876 691 3962 altenrtrius
736 3875 847 3961 limbi
862 3899 934 3986 per
950 3875 1165 3962 distantiam
1185 3880 1350 3966 duorum
1368 3877 1506 3990 proxi·

166 4032 329 4091 morum
361 4005 589 4117 capillorum
621 4005 709 4090 inde
741 4005 857 4090 nimis
884 4001 1048 4118 longum
1080 4023 1122 4092 et
1152 4008 1200 4093 ad
1225 4007 1505 4094 obseruationes

163 4132 348 4246 phassur»
387 4132 519 4218 inutile
549 4132 868 4245 deprehendatur.
929 4133 979 4222 Iu
1011 4158 1092 4248 quo
1123 4143 1207 4224 casu
1223 4136 1339 4254 millis
1355 4137 1417 4221 his
1432 4139 1506 4224 ob·

166 4261 460 4369 senntionibus,
478 4241 694 4379 obscuretur
712 4263 887 4348 tranfitoe
903 4263 1238 4353 maculaelunaris
1256 4269 1505 4378 unaecunque

162 4417 243 4508 per
259 4391 473 4481 mancam
498 4389 722 4510 capillorum
740 4389 1010 4503 parallelorum
1027 4397 1102 4481 ase
1135 4379 1318 4513 inuicem
1334 4395 1376 4480 in
1408 4395 1511 4477 tubo*

746 4518 799 4612 sil
830 4531 876 4614 m
907 4543 949 4608 m
981 4542 1009 4630 3
1371 4543 1509 4608 remo·
