<?xml version="1.0" encoding="UTF-8"?>
<!DOCTYPE html PUBLIC "-//W3C//DTD XHTML 1.0 Transitional//EN"
    "http://www.w3.org/TR/xhtml1/DTD/xhtml1-transitional.dtd">
<html xmlns="http://www.w3.org/1999/xhtml" xml:lang="en" lang="en">
 <head>
  <title>
</title>
<meta http-equiv="Content-Type" content="text/html;charset=utf-8" />
  <meta name='ocr-system' content='tesseract 3.04.00' />
  <meta name='ocr-capabilities' content='ocr_page ocr_carea ocr_par ocr_line ocrx_word'/>
</head>
<body>
  <div class='ocr_page' id='page_1' title='image "./novicommentarii12sssrgoog/novicommentarii12sssrgoog_0491.png"; bbox 0 0 4475 5900; ppageno 0'>
   <div class='ocr_carea' id='block_1_1' title="bbox 363 441 1434 574">
    <p class='ocr_par' dir='ltr' id='par_1_1' title="bbox 363 441 1434 574">
     <span class='ocr_line' id='line_1_1' title="bbox 363 441 1434 574; baseline 0.01 -37"><span class='ocrx_word' id='word_1_1' title='bbox 363 441 627 537; x_wconf 71' lang='lat' dir='ltr'><strong>munem</strong></span> <span class='ocrx_word' id='word_1_2' title='bbox 654 441 1065 547; x_wconf 66' lang='lat' dir='ltr'><strong>usuruauwu.</strong></span> <span class='ocrx_word' id='word_1_3' title='bbox 1338 454 1434 574; x_wconf 62' lang='lat' dir='ltr'><strong>a„</strong></span> 
     </span>
    </p>
   </div>
   <div class='ocr_carea' id='block_1_2' title="bbox 68 663 1567 4648">
    <p class='ocr_par' dir='ltr' id='par_1_2' title="bbox 68 663 1567 4648">
     <span class='ocr_line' id='line_1_2' title="bbox 109 663 1434 801; baseline 0.011 -38"><span class='ocrx_word' id='word_1_4' title='bbox 109 698 229 763; x_wconf 83' lang='lat' dir='ltr'><strong>cornu</strong></span> <span class='ocrx_word' id='word_1_5' title='bbox 266 663 519 787; x_wconf 86' lang='lat' dir='ltr'><strong>Sacapillo</strong></span> <span class='ocrx_word' id='word_1_6' title='bbox 549 700 614 791; x_wconf 82' lang='lat' dir='ltr'><strong>qr</strong></span> <span class='ocrx_word' id='word_1_7' title='bbox 663 680 712 765; x_wconf 87' lang='lat' dir='ltr'><strong>ad</strong></span> <span class='ocrx_word' id='word_1_8' title='bbox 740 680 918 792; x_wconf 80' lang='lat' dir='ltr'><strong>capillum</strong></span> <span class='ocrx_word' id='word_1_9' title='bbox 950 708 973 769; x_wconf 87' lang='lat' dir='ltr'><strong>u</strong></span> <span class='ocrx_word' id='word_1_10' title='bbox 981 700 1046 801; x_wconf 83' lang='lat' dir='ltr'><strong>p,</strong></span> <span class='ocrx_word' id='word_1_11' title='bbox 1096 684 1206 771; x_wconf 85' lang='lat' dir='ltr'><strong>iuxta</strong></span> <span class='ocrx_word' id='word_1_12' title='bbox 1255 686 1434 781; x_wconf 78' lang='lat' dir='ltr'><strong>diurnum</strong></span> 
     </span>
     <span class='ocr_line' id='line_1_3' title="bbox 107 801 1434 931; baseline 0.014 -43"><span class='ocrx_word' id='word_1_13' title='bbox 107 801 241 888; x_wconf 88' lang='lat' dir='ltr'><strong>Lunae</strong></span> <span class='ocrx_word' id='word_1_14' title='bbox 273 801 371 911; x_wconf 84' lang='lat' dir='ltr'><strong>Sd,</strong></span> <span class='ocrx_word' id='word_1_15' title='bbox 404 804 465 889; x_wconf 88' lang='lat' dir='ltr'><strong>seu</strong></span> <span class='ocrx_word' id='word_1_16' title='bbox 495 808 595 890; x_wconf 87' lang='lat' dir='ltr'><strong>linea</strong></span> <span class='ocrx_word' id='word_1_17' title='bbox 628 806 723 922; x_wconf 80' lang='lat' dir='ltr'><strong>ds,</strong></span> <span class='ocrx_word' id='word_1_18' title='bbox 753 812 791 895; x_wconf 87' lang='lat' dir='ltr'><strong>se</strong></span> <span class='ocrx_word' id='word_1_19' title='bbox 823 804 942 895; x_wconf 85' lang='lat' dir='ltr'><strong>babet</strong></span> <span class='ocrx_word' id='word_1_20' title='bbox 970 815 1021 899; x_wconf 90' lang='lat' dir='ltr'><strong>ad</strong></span> <span class='ocrx_word' id='word_1_21' title='bbox 1051 812 1200 905; x_wconf 85' lang='lat' dir='ltr'><strong>lineam</strong></span> <span class='ocrx_word' id='word_1_22' title='bbox 1232 816 1329 926; x_wconf 84' lang='lat' dir='ltr'><strong>dn,</strong></span> <span class='ocrx_word' id='word_1_23' title='bbox 1361 846 1434 931; x_wconf 89' lang='lat' dir='ltr'><strong>per</strong></span> 
     </span>
     <span class='ocr_line' id='line_1_4' title="bbox 103 930 1432 1057; baseline 0.011 -39"><span class='ocrx_word' id='word_1_24' title='bbox 103 932 410 1018; x_wconf 84' lang='lat' dir='ltr'><strong>obseruationem</strong></span> <span class='ocrx_word' id='word_1_25' title='bbox 442 930 534 1013; x_wconf 65' lang='lat'><strong>2³⁶³</strong></span> <span class='ocrx_word' id='word_1_26' title='bbox 567 934 669 1037; x_wconf 67' lang='lat'><strong>§8⁶²</strong></span> <span class='ocrx_word' id='word_1_27' title='bbox 709 940 840 1023; x_wconf 92' lang='lat' dir='ltr'><strong>inueni</strong></span> <span class='ocrx_word' id='word_1_28' title='bbox 938 966 1015 1054; x_wconf 78' lang='lat' dir='ltr'><strong>m3</strong></span> <span class='ocrx_word' id='word_1_29' title='bbox 1049 944 1103 1027; x_wconf 88' lang='lat' dir='ltr'><strong>ita</strong></span> <span class='ocrx_word' id='word_1_30' title='bbox 1133 963 1284 1057; x_wconf 75' lang='lat' dir='ltr'><strong>tempus</strong></span> <span class='ocrx_word' id='word_1_31' title='bbox 1300 972 1323 1029; x_wconf 89' lang='lat' dir='ltr'><strong>a</strong></span> <span class='ocrx_word' id='word_1_32' title='bbox 1338 971 1432 1032; x_wconf 91' lang='lat' dir='ltr'><strong>con-</strong></span> 
     </span>
     <span class='ocr_line' id='line_1_5' title="bbox 103 1056 1435 1180; baseline 0.013 -35"><span class='ocrx_word' id='word_1_33' title='bbox 103 1060 208 1145; x_wconf 76' lang='lat' dir='ltr'><strong>taeiu</strong></span> <span class='ocrx_word' id='word_1_34' title='bbox 246 1086 369 1147; x_wconf 91' lang='lat' dir='ltr'><strong>cornu</strong></span> <span class='ocrx_word' id='word_1_35' title='bbox 408 1056 437 1147; x_wconf 88' lang='lat' dir='ltr'><strong>S</strong></span> <span class='ocrx_word' id='word_1_36' title='bbox 479 1086 571 1149; x_wconf 91' lang='lat' dir='ltr'><strong>cum</strong></span> <span class='ocrx_word' id='word_1_37' title='bbox 608 1063 753 1178; x_wconf 80' lang='lat' dir='ltr'>capillo</span> <span class='ocrx_word' id='word_1_38' title='bbox 781 1071 958 1180; x_wconf 62' lang='lat' dir='ltr'><strong>qr2&#39;ad</strong></span> <span class='ocrx_word' id='word_1_39' title='bbox 988 1074 1186 1157; x_wconf 85' lang='lat' dir='ltr'><strong>ocorrsum</strong></span> <span class='ocrx_word' id='word_1_40' title='bbox 1226 1096 1349 1161; x_wconf 88' lang='lat' dir='ltr'><strong>cornu</strong></span> <span class='ocrx_word' id='word_1_41' title='bbox 1375 1075 1435 1161; x_wconf 89' lang='lat' dir='ltr'><strong>al·</strong></span> 
     </span>
     <span class='ocr_line' id='line_1_6' title="bbox 103 1188 1432 1313; baseline 0.014 -39"><span class='ocrx_word' id='word_1_42' title='bbox 103 1190 219 1276; x_wconf 88' lang='lat' dir='ltr'><strong>terius</strong></span> <span class='ocrx_word' id='word_1_43' title='bbox 248 1188 270 1274; x_wconf 92' lang='lat'>1</span> <span class='ocrx_word' id='word_1_44' title='bbox 304 1191 346 1277; x_wconf 93' lang='lat' dir='ltr'><strong>in</strong></span> <span class='ocrx_word' id='word_1_45' title='bbox 392 1190 530 1277; x_wconf 86' lang='lat' dir='ltr'><strong>diurno</strong></span> <span class='ocrx_word' id='word_1_46' title='bbox 562 1190 697 1279; x_wconf 88' lang='lat' dir='ltr'><strong>Lunae</strong></span> <span class='ocrx_word' id='word_1_47' title='bbox 719 1222 754 1306; x_wconf 85' lang='lat' dir='ltr'><em>g</em></span> <span class='ocrx_word' id='word_1_48' title='bbox 779 1195 801 1283; x_wconf 92' lang='lat'>1</span> <span class='ocrx_word' id='word_1_49' title='bbox 833 1194 930 1307; x_wconf 88' lang='lat' dir='ltr'><strong>lati,</strong></span> <span class='ocrx_word' id='word_1_50' title='bbox 959 1199 1106 1312; x_wconf 80' lang='lat' dir='ltr'><strong>capillo</strong></span> <span class='ocrx_word' id='word_1_51' title='bbox 1137 1200 1208 1286; x_wconf 85' lang='lat' dir='ltr'><strong>fibi</strong></span> <span class='ocrx_word' id='word_1_52' title='bbox 1240 1205 1432 1313; x_wconf 84' lang='lat' dir='ltr'><strong>proximo</strong></span> 
     </span>
     <span class='ocr_line' id='line_1_7' title="bbox 100 1318 1433 1439; baseline 0.01 -33"><span class='ocrx_word' id='word_1_53' title='bbox 100 1336 318 1430; x_wconf 82' lang='lat' dir='ltr'><strong>xypraeter</strong></span> <span class='ocrx_word' id='word_1_54' title='bbox 332 1318 503 1431; x_wconf 84' lang='lat' dir='ltr'><strong>lapsum,</strong></span> <span class='ocrx_word' id='word_1_55' title='bbox 519 1320 874 1438; x_wconf 77' lang='lat' dir='ltr'><strong>seulineauerb.gr.</strong></span> <span class='ocrx_word' id='word_1_56' title='bbox 896 1322 1246 1439; x_wconf 62' lang='lat' dir='ltr'><strong>lgaddblantiam</strong></span> <span class='ocrx_word' id='word_1_57' title='bbox 1264 1332 1433 1419; x_wconf 84' lang='lat' dir='ltr'><strong>breuilli·</strong></span> 
     </span>
     <span class='ocr_line' id='line_1_8' title="bbox 99 1447 1434 1571; baseline 0.008 -36"><span class='ocrx_word' id='word_1_58' title='bbox 99 1472 214 1535; x_wconf 88' lang='lat' dir='ltr'><strong>mam</strong></span> <span class='ocrx_word' id='word_1_59' title='bbox 242 1472 364 1533; x_wconf 89' lang='lat' dir='ltr'><strong>cornu</strong></span> <span class='ocrx_word' id='word_1_60' title='bbox 404 1447 655 1561; x_wconf 87' lang='lat' dir='ltr'><strong>Iacapillo</strong></span> <span class='ocrx_word' id='word_1_61' title='bbox 684 1478 782 1561; x_wconf 79' lang='lat' dir='ltr'><strong>ay,</strong></span> <span class='ocrx_word' id='word_1_62' title='bbox 833 1454 894 1538; x_wconf 89' lang='lat' dir='ltr'><strong>seu</strong></span> <span class='ocrx_word' id='word_1_63' title='bbox 933 1458 1080 1541; x_wconf 87' lang='lat' dir='ltr'><strong>lineam</strong></span> <span class='ocrx_word' id='word_1_64' title='bbox 1116 1457 1221 1568; x_wconf 83' lang='lat' dir='ltr'><strong>Im,</strong></span> <span class='ocrx_word' id='word_1_65' title='bbox 1251 1478 1434 1571; x_wconf 89' lang='lat' dir='ltr'><strong>tempore</strong></span> 
     </span>
     <span class='ocr_line' id='line_1_9' title="bbox 99 1574 1429 1698; baseline 0.01 -37"><span class='ocrx_word' id='word_1_66' title='bbox 99 1576 306 1661; x_wconf 66' lang='lat' dir='ltr'><strong>connitur</strong></span> <span class='ocrx_word' id='word_1_67' title='bbox 334 1601 453 1661; x_wconf 90' lang='lat' dir='ltr'><strong>comu</strong></span> <span class='ocrx_word' id='word_1_68' title='bbox 484 1574 513 1663; x_wconf 88' lang='lat' dir='ltr'>S</span> <span class='ocrx_word' id='word_1_69' title='bbox 546 1603 639 1663; x_wconf 91' lang='lat' dir='ltr'><strong>cum</strong></span> <span class='ocrx_word' id='word_1_70' title='bbox 670 1582 816 1691; x_wconf 87' lang='lat' dir='ltr'>capillo</span> <span class='ocrx_word' id='word_1_71' title='bbox 846 1606 911 1696; x_wconf 82' lang='lat' dir='ltr'><strong>qr</strong></span> <span class='ocrx_word' id='word_1_72' title='bbox 942 1583 1221 1675; x_wconf 81' lang='lat' dir='ltr'><strong>obtinentem:</strong></span> <span class='ocrx_word' id='word_1_73' title='bbox 1251 1614 1347 1698; x_wconf 86' lang='lat' dir='ltr'><strong>quae</strong></span> <span class='ocrx_word' id='word_1_74' title='bbox 1380 1589 1429 1674; x_wconf 88' lang='lat' dir='ltr'><strong>ad</strong></span> 
     </span>
     <span class='ocr_line' id='line_1_10' title="bbox 96 1703 1433 1825; baseline 0.008 -34"><span class='ocrx_word' id='word_1_75' title='bbox 96 1703 324 1791; x_wconf 87' lang='lat' dir='ltr'><strong>distantiam</strong></span> <span class='ocrx_word' id='word_1_76' title='bbox 372 1705 519 1790; x_wconf 75' lang='lat' dir='ltr'><strong>tedam</strong></span> <span class='ocrx_word' id='word_1_77' title='bbox 564 1707 794 1819; x_wconf 87' lang='lat' dir='ltr'><strong>capillorum</strong></span> <span class='ocrx_word' id='word_1_78' title='bbox 843 1734 913 1823; x_wconf 82' lang='lat' dir='ltr'><strong>qr</strong></span> <span class='ocrx_word' id='word_1_79' title='bbox 942 1731 986 1796; x_wconf 90' lang='lat' dir='ltr'><strong>et</strong></span> <span class='ocrx_word' id='word_1_80' title='bbox 1033 1739 1066 1800; x_wconf 80' lang='lat' dir='ltr'><strong><em>x</em></strong></span> <span class='ocrx_word' id='word_1_81' title='bbox 1070 1737 1105 1821; x_wconf 88' lang='lat' dir='ltr'><em>y</em></span> <span class='ocrx_word' id='word_1_82' title='bbox 1138 1740 1207 1825; x_wconf 89' lang='lat' dir='ltr'><strong>per</strong></span> <span class='ocrx_word' id='word_1_83' title='bbox 1254 1714 1433 1801; x_wconf 83' lang='lat' dir='ltr'><strong>obserua-</strong></span> 
     </span>
     <span class='ocr_line' id='line_1_11' title="bbox 97 1828 1432 1951; baseline 0.01 -34"><span class='ocrx_word' id='word_1_84' title='bbox 97 1833 254 1919; x_wconf 90' lang='lat' dir='ltr'><strong>tionem</strong></span> <span class='ocrx_word' id='word_1_85' title='bbox 289 1830 378 1915; x_wconf 62' lang='lat'>2⁸⁴³·</span> <span class='ocrx_word' id='word_1_86' title='bbox 414 1828 517 1936; x_wconf 70' lang='lat' dir='ltr'><strong>§8&#39;i</strong></span> <span class='ocrx_word' id='word_1_87' title='bbox 574 1837 852 1923; x_wconf 91' lang='lat' dir='ltr'><strong>inuenieudam</strong></span> <span class='ocrx_word' id='word_1_88' title='bbox 902 1840 1060 1951; x_wconf 85' lang='lat' dir='ltr'><strong>addita,</strong></span> <span class='ocrx_word' id='word_1_89' title='bbox 1111 1843 1292 1946; x_wconf 78' lang='lat' dir='ltr'><strong>srcornu</strong></span> <span class='ocrx_word' id='word_1_90' title='bbox 1322 1838 1350 1930; x_wconf 89' lang='lat' dir='ltr'><strong>S</strong></span> <span class='ocrx_word' id='word_1_91' title='bbox 1381 1845 1432 1931; x_wconf 87' lang='lat' dir='ltr'><strong>ad</strong></span> 
     </span>
     <span class='ocr_line' id='line_1_12' title="bbox 95 1964 1435 2081; baseline 0.01 -36"><span class='ocrx_word' id='word_1_92' title='bbox 95 1964 287 2073; x_wconf 87' lang='lat' dir='ltr'><strong>capillum</strong></span> <span class='ocrx_word' id='word_1_93' title='bbox 319 1984 385 2074; x_wconf 84' lang='lat' dir='ltr'><strong>qr</strong></span> <span class='ocrx_word' id='word_1_94' title='bbox 416 1965 550 2075; x_wconf 83' lang='lat' dir='ltr'><strong>prius,</strong></span> <span class='ocrx_word' id='word_1_95' title='bbox 578 1990 702 2075; x_wconf 90' lang='lat' dir='ltr'><strong>quam</strong></span> <span class='ocrx_word' id='word_1_96' title='bbox 732 1990 855 2051; x_wconf 91' lang='lat' dir='ltr'><strong>cornu</strong></span> <span class='ocrx_word' id='word_1_97' title='bbox 886 1967 911 2057; x_wconf 92' lang='lat'><em>1</em></span> <span class='ocrx_word' id='word_1_98' title='bbox 941 1969 1179 2081; x_wconf 75' lang='lat' dir='ltr'><strong>appulerit,</strong></span> <span class='ocrx_word' id='word_1_99' title='bbox 1213 1973 1281 2056; x_wconf 81' lang='lat' dir='ltr'><strong>uel</strong></span> <span class='ocrx_word' id='word_1_100' title='bbox 1298 1973 1347 2056; x_wconf 88' lang='lat' dir='ltr'><strong>ab</strong></span> <span class='ocrx_word' id='word_1_101' title='bbox 1363 1998 1435 2059; x_wconf 87' lang='lat' dir='ltr'><strong>eo·</strong></span> 
     </span>
     <span class='ocr_line' id='line_1_13' title="bbox 92 2089 1436 2207; baseline 0.008 -32"><span class='ocrx_word' id='word_1_102' title='bbox 92 2093 194 2176; x_wconf 92' lang='lat' dir='ltr'><strong>dem</strong></span> <span class='ocrx_word' id='word_1_103' title='bbox 226 2089 440 2198; x_wconf 70' lang='lat' dir='ltr'><strong>subtr-aeta,</strong></span> <span class='ocrx_word' id='word_1_104' title='bbox 469 2094 500 2179; x_wconf 87' lang='lat' dir='ltr'><strong>li</strong></span> <span class='ocrx_word' id='word_1_105' title='bbox 529 2092 638 2178; x_wconf 88' lang='lat' dir='ltr'><strong>idem</strong></span> <span class='ocrx_word' id='word_1_106' title='bbox 666 2092 746 2177; x_wconf 86' lang='lat' dir='ltr'><strong>hoc</strong></span> <span class='ocrx_word' id='word_1_107' title='bbox 776 2095 891 2180; x_wconf 83' lang='lat' dir='ltr'><strong>serius</strong></span> <span class='ocrx_word' id='word_1_108' title='bbox 917 2094 1081 2205; x_wconf 85' lang='lat' dir='ltr'><strong>fecerit,</strong></span> <span class='ocrx_word' id='word_1_109' title='bbox 1111 2098 1255 2207; x_wconf 88' lang='lat' dir='ltr'><strong>prodet</strong></span> <span class='ocrx_word' id='word_1_110' title='bbox 1286 2100 1436 2185; x_wconf 84' lang='lat' dir='ltr'><strong>diame-</strong></span> 
     </span>
     <span class='ocr_line' id='line_1_14' title="bbox 80 2216 1430 2330; baseline 0.004 -24"><span class='ocrx_word' id='word_1_111' title='bbox 80 2239 203 2306; x_wconf 85' lang='lat' dir='ltr'><strong>trum</strong></span> <span class='ocrx_word' id='word_1_112' title='bbox 232 2221 367 2308; x_wconf 91' lang='lat' dir='ltr'><strong>Lunae</strong></span> <span class='ocrx_word' id='word_1_113' title='bbox 396 2216 693 2307; x_wconf 85' lang='lat' dir='ltr'><strong>oscillationibus</strong></span> <span class='ocrx_word' id='word_1_114' title='bbox 722 2218 923 2330; x_wconf 85' lang='lat' dir='ltr'><strong>horologii</strong></span> <span class='ocrx_word' id='word_1_115' title='bbox 953 2223 1003 2307; x_wconf 91' lang='lat' dir='ltr'><strong>ad</strong></span> <span class='ocrx_word' id='word_1_116' title='bbox 1034 2241 1197 2308; x_wconf 88' lang='lat' dir='ltr'><strong>motum</strong></span> <span class='ocrx_word' id='word_1_117' title='bbox 1228 2224 1354 2311; x_wconf 86' lang='lat' dir='ltr'><strong>stellae</strong></span> <span class='ocrx_word' id='word_1_118' title='bbox 1371 2252 1430 2311; x_wconf 85' lang='lat' dir='ltr'><strong>re-</strong></span> 
     </span>
     <span class='ocr_line' id='line_1_15' title="bbox 88 2348 1432 2464; baseline 0.002 -29"><span class='ocrx_word' id='word_1_119' title='bbox 88 2349 180 2435; x_wconf 89' lang='lat' dir='ltr'><strong>latis</strong></span> <span class='ocrx_word' id='word_1_120' title='bbox 210 2350 430 2463; x_wconf 84' lang='lat' dir='ltr'><strong>expressam</strong></span> <span class='ocrx_word' id='word_1_121' title='bbox 463 2369 506 2435; x_wconf 91' lang='lat' dir='ltr'><strong>et</strong></span> <span class='ocrx_word' id='word_1_122' title='bbox 534 2348 780 2461; x_wconf 66' lang='lat' dir='ltr'><strong>quaesitam</strong></span> <span class='ocrx_word' id='word_1_123' title='bbox 805 2371 906 2458; x_wconf 88' lang='lat' dir='ltr'><strong>quae</strong></span> <span class='ocrx_word' id='word_1_124' title='bbox 936 2364 1073 2431; x_wconf 85' lang='lat' dir='ltr'><strong>tamen</strong></span> <span class='ocrx_word' id='word_1_125' title='bbox 1103 2351 1146 2435; x_wconf 92' lang='lat' dir='ltr'><strong>in</strong></span> <span class='ocrx_word' id='word_1_126' title='bbox 1177 2371 1308 2464; x_wconf 73' lang='lat' dir='ltr'><strong>parter</strong></span> <span class='ocrx_word' id='word_1_127' title='bbox 1324 2372 1432 2439; x_wconf 83' lang='lat' dir='ltr'><strong>tem-</strong></span> 
     </span>
     <span class='ocr_line' id='line_1_16' title="bbox 89 2473 1433 2592; baseline 0.005 -31"><span class='ocrx_word' id='word_1_128' title='bbox 89 2479 206 2591; x_wconf 88' lang='lat' dir='ltr'><strong>poris</strong></span> <span class='ocrx_word' id='word_1_129' title='bbox 237 2481 289 2563; x_wconf 87' lang='lat' dir='ltr'><strong>ad</strong></span> <span class='ocrx_word' id='word_1_130' title='bbox 319 2494 479 2563; x_wconf 90' lang='lat' dir='ltr'><strong>motum</strong></span> <span class='ocrx_word' id='word_1_131' title='bbox 510 2474 646 2561; x_wconf 88' lang='lat' dir='ltr'><strong>Lunae</strong></span> <span class='ocrx_word' id='word_1_132' title='bbox 676 2473 815 2560; x_wconf 87' lang='lat' dir='ltr'><strong>relatas</strong></span> <span class='ocrx_word' id='word_1_133' title='bbox 844 2475 976 2561; x_wconf 78' lang='lat' dir='ltr'><strong>reduci</strong></span> <span class='ocrx_word' id='word_1_134' title='bbox 1002 2476 1150 2586; x_wconf 86' lang='lat' dir='ltr'><strong>debet,</strong></span> <span class='ocrx_word' id='word_1_135' title='bbox 1185 2484 1433 2592; x_wconf 78' lang='lat' dir='ltr'><strong>quotiescun·</strong></span> 
     </span>
     <span class='ocr_line' id='line_1_17' title="bbox 87 2602 1432 2720; baseline 0.003 -29"><span class='ocrx_word' id='word_1_136' title='bbox 87 2633 171 2719; x_wconf 89' lang='lat' dir='ltr'><strong>que</strong></span> <span class='ocrx_word' id='word_1_137' title='bbox 203 2608 350 2720; x_wconf 87' lang='lat' dir='ltr'><strong>pofitio</strong></span> <span class='ocrx_word' id='word_1_138' title='bbox 382 2602 702 2715; x_wconf 23' lang='lat' dir='ltr'><strong>puniti-alicuius</strong></span> <span class='ocrx_word' id='word_1_139' title='bbox 729 2606 770 2687; x_wconf 91' lang='lat' dir='ltr'><strong>in</strong></span> <span class='ocrx_word' id='word_1_140' title='bbox 799 2603 902 2689; x_wconf 89' lang='lat' dir='ltr'><strong>disco</strong></span> <span class='ocrx_word' id='word_1_141' title='bbox 933 2602 1070 2689; x_wconf 88' lang='lat' dir='ltr'><strong>Lunae</strong></span> <span class='ocrx_word' id='word_1_142' title='bbox 1099 2609 1315 2718; x_wconf 86' lang='lat' dir='ltr'><strong>quaerenda</strong></span> <span class='ocrx_word' id='word_1_143' title='bbox 1356 2634 1432 2695; x_wconf 78' lang='lat' dir='ltr'><strong>ue·</strong></span> 
     </span>
     <span class='ocr_line' id='line_1_18' title="bbox 85 2732 1430 2844; baseline 0.005 -26"><span class='ocrx_word' id='word_1_144' title='bbox 85 2736 189 2821; x_wconf 88' lang='lat' dir='ltr'><strong>niet.</strong></span> <span class='ocrx_word' id='word_1_145' title='bbox 259 2732 506 2841; x_wconf 88' lang='lat' dir='ltr'><strong>Coeterum‚</strong></span> <span class='ocrx_word' id='word_1_146' title='bbox 537 2732 727 2844; x_wconf 89' lang='lat' dir='ltr'><strong>quoniam</strong></span> <span class='ocrx_word' id='word_1_147' title='bbox 775 2734 819 2817; x_wconf 91' lang='lat' dir='ltr'><strong>in</strong></span> <span class='ocrx_word' id='word_1_148' title='bbox 849 2732 910 2817; x_wconf 82' lang='lat' dir='ltr'><strong>his</strong></span> <span class='ocrx_word' id='word_1_149' title='bbox 936 2732 1081 2819; x_wconf 78' lang='lat' dir='ltr'><strong>casabus</strong></span> <span class='ocrx_word' id='word_1_150' title='bbox 1112 2732 1180 2819; x_wconf 84' lang='lat' dir='ltr'><strong>vbi</strong></span> <span class='ocrx_word' id='word_1_151' title='bbox 1220 2739 1285 2823; x_wconf 86' lang='lat' dir='ltr'><strong>sc:</strong></span> <span class='ocrx_word' id='word_1_152' title='bbox 1317 2734 1430 2825; x_wconf 87' lang='lat' dir='ltr'><strong>Luna</strong></span> 
     </span>
     <span class='ocr_line' id='line_1_19' title="bbox 84 2860 1431 2976; baseline 0.004 -30"><span class='ocrx_word' id='word_1_153' title='bbox 84 2890 166 2976; x_wconf 88' lang='lat' dir='ltr'><strong>por</strong></span> <span class='ocrx_word' id='word_1_154' title='bbox 200 2865 347 2949; x_wconf 83' lang='lat' dir='ltr'><strong>stellam</strong></span> <span class='ocrx_word' id='word_1_155' title='bbox 380 2862 541 2970; x_wconf 83' lang='lat' dir='ltr'><strong>transit,</strong></span> <span class='ocrx_word' id='word_1_156' title='bbox 571 2861 729 2947; x_wconf 88' lang='lat' dir='ltr'><strong>diurnus</strong></span> <span class='ocrx_word' id='word_1_157' title='bbox 756 2885 913 2974; x_wconf 87' lang='lat' dir='ltr'><strong>quoque</strong></span> <span class='ocrx_word' id='word_1_158' title='bbox 944 2862 1071 2949; x_wconf 88' lang='lat' dir='ltr'><strong>stellae</strong></span> <span class='ocrx_word' id='word_1_159' title='bbox 1088 2887 1162 2973; x_wconf 91' lang='lat' dir='ltr'><strong>per</strong></span> <span class='ocrx_word' id='word_1_160' title='bbox 1178 2860 1334 2964; x_wconf 87' lang='lat' dir='ltr'><strong>Lunam</strong></span> <span class='ocrx_word' id='word_1_161' title='bbox 1358 2891 1431 2952; x_wconf 88' lang='lat' dir='ltr'><strong>ne-</strong></span> 
     </span>
     <span class='ocr_line' id='line_1_20' title="bbox 85 2989 1428 3098; baseline 0.001 -20"><span class='ocrx_word' id='word_1_162' title='bbox 85 2990 257 3079; x_wconf 81' lang='lat' dir='ltr'><strong>cessario</strong></span> <span class='ocrx_word' id='word_1_163' title='bbox 289 2993 446 3080; x_wconf 78' lang='lat' dir='ltr'><strong>tmnfire</strong></span> <span class='ocrx_word' id='word_1_164' title='bbox 474 2991 624 3098; x_wconf 76' lang='lat' dir='ltr'><strong>debet,&#39;</strong></span> <span class='ocrx_word' id='word_1_165' title='bbox 656 2989 761 3075; x_wconf 79' lang='lat' dir='ltr'><strong>vnde</strong></span> <span class='ocrx_word' id='word_1_166' title='bbox 788 2993 1006 3077; x_wconf 86' lang='lat' dir='ltr'><strong>differentia</strong></span> <span class='ocrx_word' id='word_1_167' title='bbox 1042 2990 1352 3079; x_wconf 77' lang='lat' dir='ltr'><strong>declinationum</strong></span> <span class='ocrx_word' id='word_1_168' title='bbox 1384 3015 1428 3082; x_wconf 86' lang='lat' dir='ltr'><strong>et</strong></span> 
     </span>
     <span class='ocr_line' id='line_1_21' title="bbox 83 3116 1428 3208; baseline 0.001 -2"><span class='ocrx_word' id='word_1_169' title='bbox 83 3122 356 3208; x_wconf 83' lang='lat' dir='ltr'><strong>ascensionum</strong></span> <span class='ocrx_word' id='word_1_170' title='bbox 388 3121 583 3207; x_wconf 73' lang='lat' dir='ltr'><strong>rectarum</strong></span> <span class='ocrx_word' id='word_1_171' title='bbox 615 3116 751 3204; x_wconf 89' lang='lat' dir='ltr'><strong>Lunae</strong></span> <span class='ocrx_word' id='word_1_172' title='bbox 781 3140 822 3203; x_wconf 90' lang='lat' dir='ltr'><strong>et</strong></span> <span class='ocrx_word' id='word_1_173' title='bbox 840 3119 987 3204; x_wconf 66' lang='lat' dir='ltr'><strong>⁴stellae</strong></span> <span class='ocrx_word' id='word_1_174' title='bbox 1012 3144 1070 3204; x_wconf 86' lang='lat' dir='ltr'><strong>ex</strong></span> <span class='ocrx_word' id='word_1_175' title='bbox 1102 3119 1428 3208; x_wconf 86' lang='lat' dir='ltr'><strong>obseruationibus</strong></span> 
     </span>
     <span class='ocr_line' id='line_1_22' title="bbox 80 3247 1425 3361; baseline -0.003 -21"><span class='ocrx_word' id='word_1_176' title='bbox 80 3253 191 3353; x_wconf 63' lang='lat' dir='ltr'>§8V0</span> <span class='ocrx_word' id='word_1_177' title='bbox 222 3252 419 3361; x_wconf 86' lang='lat' dir='ltr'><strong>descriptis</strong></span> <span class='ocrx_word' id='word_1_178' title='bbox 466 3247 586 3360; x_wconf 80' lang='lat' dir='ltr'><strong>paulo</strong></span> <span class='ocrx_word' id='word_1_179' title='bbox 614 3248 726 3332; x_wconf 88' lang='lat' dir='ltr'><strong>aliter</strong></span> <span class='ocrx_word' id='word_1_180' title='bbox 772 3247 1017 3333; x_wconf 80' lang='lat' dir='ltr'><strong>deducendae</strong></span> <span class='ocrx_word' id='word_1_181' title='bbox 1061 3251 1252 3357; x_wconf 80' lang='lat' dir='ltr'><strong>uenient,</strong></span> <span class='ocrx_word' id='word_1_182' title='bbox 1302 3275 1425 3360; x_wconf 88' lang='lat' dir='ltr'><strong>quam</strong></span> 
     </span>
     <span class='ocr_line' id='line_1_23' title="bbox 78 3364 1428 3488; baseline -0.004 -21"><span class='ocrx_word' id='word_1_183' title='bbox 78 3381 201 3468; x_wconf 91' lang='lat' dir='ltr'><strong>idem</strong></span> <span class='ocrx_word' id='word_1_184' title='bbox 235 3364 329 3484; x_wconf 71' lang='lat'>§9¹¹⁰</span> <span class='ocrx_word' id='word_1_185' title='bbox 358 3375 506 3466; x_wconf 75' lang='lat' dir='ltr'><strong>naum</strong></span> <span class='ocrx_word' id='word_1_186' title='bbox 535 3376 605 3462; x_wconf 87' lang='lat' dir='ltr'><strong>est.</strong></span> <span class='ocrx_word' id='word_1_187' title='bbox 670 3373 798 3462; x_wconf 86' lang='lat' dir='ltr'><strong>Lubet</strong></span> <span class='ocrx_word' id='word_1_188' title='bbox 827 3379 959 3488; x_wconf 89' lang='lat' dir='ltr'><strong>itaque</strong></span> <span class='ocrx_word' id='word_1_189' title='bbox 992 3375 1057 3458; x_wconf 88' lang='lat' dir='ltr'><strong>hic</strong></span> <span class='ocrx_word' id='word_1_190' title='bbox 1090 3377 1259 3460; x_wconf 91' lang='lat' dir='ltr'><strong>modum</strong></span> <span class='ocrx_word' id='word_1_191' title='bbox 1287 3377 1428 3464; x_wconf 78' lang='lat' dir='ltr'><strong>desen-</strong></span> 
     </span>
     <span class='ocr_line' id='line_1_24' title="bbox 77 3504 1428 3621; baseline -0.003 -25"><span class='ocrx_word' id='word_1_192' title='bbox 77 3512 216 3616; x_wconf 84' lang='lat' dir='ltr'><strong>bere,</strong></span> <span class='ocrx_word' id='word_1_193' title='bbox 248 3510 394 3621; x_wconf 92' lang='lat' dir='ltr'><strong>quoin</strong></span> <span class='ocrx_word' id='word_1_194' title='bbox 423 3506 485 3592; x_wconf 87' lang='lat' dir='ltr'><strong>his</strong></span> <span class='ocrx_word' id='word_1_195' title='bbox 514 3505 655 3588; x_wconf 82' lang='lat' dir='ltr'><strong>cafibus</strong></span> <span class='ocrx_word' id='word_1_196' title='bbox 684 3505 827 3616; x_wconf 86' lang='lat' dir='ltr'><strong>politio</strong></span> <span class='ocrx_word' id='word_1_197' title='bbox 856 3505 924 3592; x_wconf 89' lang='lat' dir='ltr'><strong>illa</strong></span> <span class='ocrx_word' id='word_1_198' title='bbox 955 3506 1081 3588; x_wconf 90' lang='lat' dir='ltr'><strong>centri</strong></span> <span class='ocrx_word' id='word_1_199' title='bbox 1097 3504 1237 3590; x_wconf 89' lang='lat' dir='ltr'><strong>Lunae</strong></span> <span class='ocrx_word' id='word_1_200' title='bbox 1252 3507 1302 3590; x_wconf 91' lang='lat' dir='ltr'><strong>ad</strong></span> <span class='ocrx_word' id='word_1_201' title='bbox 1319 3508 1428 3592; x_wconf 76' lang='lat' dir='ltr'><strong>diur-</strong></span> 
     </span>
     <span class='ocr_line' id='line_1_25' title="bbox 75 3630 1423 3744; baseline -0.005 -19"><span class='ocrx_word' id='word_1_202' title='bbox 75 3667 188 3725; x_wconf 89' lang='lat' dir='ltr'><strong>mun</strong></span> <span class='ocrx_word' id='word_1_203' title='bbox 226 3639 392 3744; x_wconf 84' lang='lat' dir='ltr'><strong>stellae,</strong></span> <span class='ocrx_word' id='word_1_204' title='bbox 432 3634 495 3718; x_wconf 91' lang='lat' dir='ltr'><strong>seu</strong></span> <span class='ocrx_word' id='word_1_205' title='bbox 531 3630 772 3723; x_wconf 83' lang='lat' dir='ltr'><strong>differentiae</strong></span> <span class='ocrx_word' id='word_1_206' title='bbox 821 3633 1131 3719; x_wconf 85' lang='lat' dir='ltr'><strong>declinationum</strong></span> <span class='ocrx_word' id='word_1_207' title='bbox 1165 3653 1207 3716; x_wconf 90' lang='lat' dir='ltr'><strong>et</strong></span> <span class='ocrx_word' id='word_1_208' title='bbox 1237 3633 1423 3718; x_wconf 88' lang='lat' dir='ltr'><strong>ascenfio-</strong></span> 
     </span>
     <span class='ocr_line' id='line_1_26' title="bbox 75 3761 1424 3870; baseline -0.004 -16"><span class='ocrx_word' id='word_1_209' title='bbox 75 3795 182 3856; x_wconf 91' lang='lat' dir='ltr'><strong>num</strong></span> <span class='ocrx_word' id='word_1_210' title='bbox 218 3767 406 3853; x_wconf 71' lang='lat' dir='ltr'><strong>nurum</strong></span> <span class='ocrx_word' id='word_1_211' title='bbox 436 3762 569 3848; x_wconf 88' lang='lat' dir='ltr'><strong>Lunae</strong></span> <span class='ocrx_word' id='word_1_212' title='bbox 599 3780 641 3845; x_wconf 89' lang='lat' dir='ltr'><strong>et</strong></span> <span class='ocrx_word' id='word_1_213' title='bbox 673 3761 801 3848; x_wconf 86' lang='lat' dir='ltr'><strong>stellae</strong></span> <span class='ocrx_word' id='word_1_214' title='bbox 834 3761 1082 3848; x_wconf 89' lang='lat' dir='ltr'><strong>determinari</strong></span> <span class='ocrx_word' id='word_1_215' title='bbox 1113 3762 1288 3870; x_wconf 87' lang='lat' dir='ltr'><strong>debent,</strong></span> <span class='ocrx_word' id='word_1_216' title='bbox 1313 3781 1424 3848; x_wconf 86' lang='lat' dir='ltr'><strong>ante·</strong></span> 
     </span>
     <span class='ocr_line' id='line_1_27' title="bbox 75 3889 1423 4012; baseline -0.004 -29"><span class='ocrx_word' id='word_1_217' title='bbox 75 3923 209 4012; x_wconf 79' lang='lat' dir='ltr'><strong>quam</strong></span> <span class='ocrx_word' id='word_1_218' title='bbox 242 3897 292 3980; x_wconf 92' lang='lat' dir='ltr'><strong>ad</strong></span> <span class='ocrx_word' id='word_1_219' title='bbox 325 3893 628 3979; x_wconf 81' lang='lat' dir='ltr'><strong>obscurationem</strong></span> <span class='ocrx_word' id='word_1_220' title='bbox 660 3889 858 4003; x_wconf 88' lang='lat' dir='ltr'><strong>ecliplium</strong></span> <span class='ocrx_word' id='word_1_221' title='bbox 889 3889 1099 3995; x_wconf 86' lang='lat' dir='ltr'><strong>Lunarium</strong></span> <span class='ocrx_word' id='word_1_222' title='bbox 1137 3892 1423 3999; x_wconf 85' lang='lat' dir='ltr'><strong>exponendam</strong></span> 
     </span>
     <span class='ocr_line' id='line_1_28' title="bbox 74 4015 1423 4134; baseline -0.007 -20"><span class='ocrx_word' id='word_1_223' title='bbox 74 4029 292 4115; x_wconf 83' lang='lat' dir='ltr'><strong>accedam.</strong></span> <span class='ocrx_word' id='word_1_224' title='bbox 358 4021 566 4109; x_wconf 88' lang='lat' dir='ltr'><strong>Nimirum</strong></span> <span class='ocrx_word' id='word_1_225' title='bbox 596 4018 642 4104; x_wconf 80' lang='lat' dir='ltr'><strong>sit</strong></span> <span class='ocrx_word' id='word_1_226' title='bbox 672 4019 713 4102; x_wconf 90' lang='lat' dir='ltr'><strong>in</strong></span> <span class='ocrx_word' id='word_1_227' title='bbox 747 4019 833 4134; x_wconf 71' lang='lat' dir='ltr'><strong>lag.</strong></span> <span class='ocrx_word' id='word_1_228' title='bbox 856 4045 928 4103; x_wconf 88' lang='lat'><strong>10.</strong></span> <span class='ocrx_word' id='word_1_229' title='bbox 963 4018 1102 4133; x_wconf 83' lang='lat' dir='ltr'><strong>politio</strong></span> <span class='ocrx_word' id='word_1_230' title='bbox 1134 4015 1267 4103; x_wconf 88' lang='lat' dir='ltr'><strong>Lunae</strong></span> <span class='ocrx_word' id='word_1_231' title='bbox 1298 4017 1423 4106; x_wconf 83' lang='lat' dir='ltr'><strong>aML</strong></span> 
     </span>
     <span class='ocr_line' id='line_1_29' title="bbox 74 4143 1421 4261; baseline -0.008 -16"><span class='ocrx_word' id='word_1_232' title='bbox 74 4177 119 4244; x_wconf 87' lang='lat' dir='ltr'><strong>et</strong></span> <span class='ocrx_word' id='word_1_233' title='bbox 155 4153 291 4242; x_wconf 89' lang='lat' dir='ltr'><strong>diurni</strong></span> <span class='ocrx_word' id='word_1_234' title='bbox 321 4151 450 4236; x_wconf 88' lang='lat' dir='ltr'><strong>stellae</strong></span> <span class='ocrx_word' id='word_1_235' title='bbox 481 4143 546 4235; x_wconf 84' lang='lat' dir='ltr'><strong>Se</strong></span> <span class='ocrx_word' id='word_1_236' title='bbox 576 4147 628 4233; x_wconf 89' lang='lat' dir='ltr'><strong>ad</strong></span> <span class='ocrx_word' id='word_1_237' title='bbox 656 4151 817 4259; x_wconf 85' lang='lat' dir='ltr'><strong>capillos</strong></span> <span class='ocrx_word' id='word_1_238' title='bbox 844 4151 929 4236; x_wconf 91' lang='lat' dir='ltr'><strong>tubi</strong></span> <span class='ocrx_word' id='word_1_239' title='bbox 957 4173 1036 4252; x_wconf 87' lang='lat' dir='ltr'><strong>ca,</strong></span> <span class='ocrx_word' id='word_1_240' title='bbox 1069 4173 1167 4259; x_wconf 89' lang='lat' dir='ltr'><strong>quae</strong></span> <span class='ocrx_word' id='word_1_241' title='bbox 1199 4165 1289 4232; x_wconf 88' lang='lat' dir='ltr'><strong>ante</strong></span> <span class='ocrx_word' id='word_1_242' title='bbox 1330 4169 1421 4261; x_wconf 85' lang='lat' dir='ltr'><strong>pro-</strong></span> 
     </span>
     <span class='ocr_line' id='line_1_30' title="bbox 70 4277 1424 4400; baseline -0.002 -31"><span class='ocrx_word' id='word_1_243' title='bbox 70 4287 262 4400; x_wconf 79' lang='lat' dir='ltr'><strong>positam</strong></span> <span class='ocrx_word' id='word_1_244' title='bbox 302 4280 604 4366; x_wconf 87' lang='lat' dir='ltr'><strong>occultationem</strong></span> <span class='ocrx_word' id='word_1_245' title='bbox 635 4277 764 4364; x_wconf 84' lang='lat' dir='ltr'><strong>stellae</strong></span> <span class='ocrx_word' id='word_1_246' title='bbox 794 4305 820 4365; x_wconf 88' lang='lat' dir='ltr'><strong>a</strong></span> <span class='ocrx_word' id='word_1_247' title='bbox 849 4279 961 4366; x_wconf 85' lang='lat' dir='ltr'><strong>Luna</strong></span> <span class='ocrx_word' id='word_1_248' title='bbox 1005 4296 1190 4387; x_wconf 91' lang='lat' dir='ltr'><strong>tempore</strong></span> <span class='ocrx_word' id='word_1_249' title='bbox 1222 4277 1424 4366; x_wconf 74' lang='lat' dir='ltr'><strong>contaetus</strong></span> 
     </span>
     <span class='ocr_line' id='line_1_31' title="bbox 68 4399 1567 4550; baseline -0.012 -42"><span class='ocrx_word' id='word_1_250' title='bbox 68 4415 204 4508; x_wconf 75' lang='lat' dir='ltr'><strong>barbi</strong></span> <span class='ocrx_word' id='word_1_251' title='bbox 221 4410 361 4502; x_wconf 76' lang='lat' dir='ltr'><strong>Lunae</strong></span> <span class='ocrx_word' id='word_1_252' title='bbox 388 4410 463 4526; x_wconf 81' lang='lat' dir='ltr'><strong>M,</strong></span> <span class='ocrx_word' id='word_1_253' title='bbox 500 4405 682 4524; x_wconf 68' lang='lat' dir='ltr'><strong>margine</strong></span> <span class='ocrx_word' id='word_1_254' title='bbox 710 4408 779 4498; x_wconf 84' lang='lat' dir='ltr'><strong>suo</strong></span> <span class='ocrx_word' id='word_1_255' title='bbox 806 4433 858 4526; x_wconf 85' lang='lat' dir='ltr'><strong>o,</strong></span> <span class='ocrx_word' id='word_1_256' title='bbox 888 4411 933 4500; x_wconf 87' lang='lat' dir='ltr'><strong>in</strong></span> <span class='ocrx_word' id='word_1_257' title='bbox 947 4405 1090 4524; x_wconf 78' lang='lat' dir='ltr'><strong>capillo</strong></span> <span class='ocrx_word' id='word_1_258' title='bbox 1118 4401 1161 4508; x_wconf 84' lang='lat' dir='ltr'><strong>G</strong></span> <span class='ocrx_word' id='word_1_259' title='bbox 1180 4399 1217 4494; x_wconf 86' lang='lat' dir='ltr'>C</span> <span class='ocrx_word' id='word_1_260' title='bbox 1239 4401 1490 4550; x_wconf 60' lang='lat' dir='ltr'><strong>breden-fo·</strong></span> <span class='ocrx_word' id='word_1_261' title='bbox 1510 4418 1567 4473; x_wconf 77' lang='lat'><strong>¹⁰·</strong></span> 
     </span>
     <span class='ocr_line' id='line_1_32' title="bbox 1343 4551 1422 4648; baseline 0 0"><span class='ocrx_word' id='word_1_262' title='bbox 1343 4551 1422 4648; x_wconf 59' lang='grc' dir='ltr'><strong>ων</strong></span> 
     </span>
    </p>
   </div>
   <div class='ocr_carea' id='block_1_3' title="bbox 0 0 2242 5900">
    <p class='ocr_par' dir='ltr' id='par_1_3' title="bbox 0 0 2242 5900">
     <span class='ocr_line' id='line_1_33' title="bbox 0 0 2242 5900; baseline 0 7"><span class='ocrx_word' id='word_1_263' title='bbox 0 0 2242 5900; x_wconf 95' lang='lat' dir='ltr'><strong> </strong></span> 
     </span>
    </p>
   </div>
  </div>
 </body>
</html>
