4475 5900
489 4429 493 4437 .
768 4345 816 4438 1}
844 4339 994 4424 luciam
1024 4341 1130 4458 longi
1161 4345 1271 4459 sust,
1301 4341 1512 4437 deufillime
1544 4345 1692 4462 pofiri3
1722 4349 1921 4459 atenimi,
1972 4347 2093 4463 splen

751 396 847 488 882
1102 378 1188 473 DE
1217 368 1428 473 sums
1460 366 1726 471 Mundus.

752 626 916 696 tenuem
946 606 1152 720 obtinent,
1182 632 1228 695 ac
1258 608 1530 722 pinguedinem
1568 631 1652 721 per
1682 616 1809 690 toturn
1857 618 1996 712 corpus
2026 602 2087 687 in-

756 758 819 824 ter
846 734 1032 824 musculos
1060 726 1343 825 diffuminatam
1373 737 1545 842 hubent,
1578 734 1639 819 bis
1670 750 1711 815 et
1739 730 1835 815 cutis
1865 752 1958 813 cum
1987 755 2087 838 pau·

757 867 887 952 uiurlo
916 865 1071 953 carnoso
1098 869 1265 979 undique
1297 869 1337 951 iu
1367 886 1531 977 corpore
1561 878 1769 967 mouetur,
1809 872 1854 939 ut
1904 859 2087 965 canibus,

757 993 851 1081 hinc
882 1012 923 1077 et
954 995 1069 1107 alacri
1099 1012 1142 1079 et
1191 993 1279 1105 agili
1329 1014 1440 1079 motu
1469 992 1604 1077 omnia
1652 989 1936 1097 exsequuntur:
1989 983 2085 1071 ium

760 1120 905 1207 marina
935 1136 976 1205 et
1007 1118 1205 1216 fluuiatilia
1234 1119 1405 1205 animalia
1435 1120 1512 1205 ltuc
1559 1116 1748 1230 pertinent
1787 1111 1885 1197 lutra
1937 1113 2083 1199 manua

758 1263 801 1332 et
830 1246 1042 1361 fluuiatilis,
1072 1274 1117 1335 ac
1148 1249 1323 1361 pleraque
1353 1248 1531 1335 animalia
1562 1244 1760 1329 terrestria.

880 1372 987 1460 Inter
1027 1376 1144 1489 pisces
1183 1400 1316 1461 omnes
1361 1372 1592 1486 cartibginei
1628 1393 1669 1457 er
1709 1366 1867 1479 squamis
1918 1386 2086 1453 carentes

760 1526 851 1589 cun
882 1503 1099 1611 prioribus,
1131 1498 1314 1613 squamoli
1343 1526 1436 1588 cum
1469 1496 1733 1613 posterioribus
1747 1495 1979 1582 conueniunt
1997 1563 2011 1605 ,
2027 1496 2084 1579 iu·

759 1650 820 1715 rer
847 1651 935 1713 rues
965 1628 1200 1740 palmipedes
1231 1652 1321 1712 cum
1354 1632 1541 1739 prioribus
1578 1627 1841 1729 conueniunt,
1882 1626 2084 1735 praecipue

759 1757 863 1841 circa
893 1777 955 1841 eas
971 1777 1116 1867 partes,
1146 1780 1235 1865 quas
1262 1759 1426 1842 natando
1457 1757 1562 1870 aquis
1591 1750 1785 1838 immersos
1808 1750 1983 1859 habent,
2014 1776 2085 1833 un·

758 1884 809 1968 de
840 1898 881 1967 et
910 1881 952 1967 in
983 1884 1054 1971 illis
1081 1882 1192 1968 color
1222 1884 1512 1992 monochroos,
1542 1885 1582 1966 in
1613 1882 1764 1989 reliquis
1782 1879 1999 1963 liccion'bus
2028 1902 2085 1961 re·

759 2009 936 2121 gionibus
966 2012 1096 2115 dorfi,
1129 2010 1252 2120 colli,
1285 2014 1422 2124 capitis
1452 2010 1559 2097 color
1597 2007 1752 2121 uanus,
1783 2002 1971 2117 fillspedes
2021 2031 2085 2093 aaa

758 2151 842 2224 tem
872 2162 962 2223 cnm
993 2137 1261 2250 posterioribus
1292 2141 1540 2223 conueniunt.

697 2341 705 2355 .
875 2264 971 2378 Quo
1002 2264 1169 2378 frigidius
1198 2264 1336 2374 clima,
1370 2290 1421 2353 eo
1437 2270 1586 2375 nunus,
1616 2282 1841 2377 comparate
1871 2290 1957 2355 nun
1982 2268 2088 2355 eius·

757 2392 854 2479 dem
885 2391 1023 2503 speciei
1053 2392 1303 2502 animalibus,
1331 2396 1525 2506 pinguedo
1563 2394 1791 2500 coufistcns,
1833 2394 1925 2481 hinc
1953 2396 2085 2481 balae*

761 2544 833 2605 nae
863 2521 981 2606 maris
1012 2521 1204 2607 orientalrs
1233 2546 1278 2607 ac
1308 2522 1456 2631 phocae
1509 2522 1833 2609 consrllennorcm
1884 2526 2089 2637 pinguedi-

762 2670 858 2733 nem
886 2649 1059 2759 habent,
1092 2673 1210 2761 quam
1240 2673 1334 2760 quae
1366 2650 1468 2737 circa
1500 2644 1775 2735 Grbnlaudiam
1807 2654 2024 2759 capiunnur.

878 2775 948 2863 Ex
977 2779 1039 2863 his
1066 2778 1181 2889 liquet
1212 2775 1341 2861 salsum
1372 2774 1450 2861 else
1481 2781 1721 2889 quorundam
1764 2778 2088 2865 Anatomicornm

760 2900 966 3015 affertum,
997 2906 1100 3018 quasr
1130 2906 1356 2992 membrana
1387 2904 1641 2993 musculomm
1680 2909 1898 2991 communis
1938 2932 1962 2990 r
1997 2934 2088 3018 pan·

760 3031 891 3117 niculo
919 3035 1076 3119 carnoso
1103 3053 1233 3118 ortum
1270 3033 1455 3144 haberet,
1490 3058 1539 3118 eo
1574 3031 1676 3146 quod
1709 3033 1751 3116 in
1784 3035 1829 3117 iis
1844 3036 2088 3144 animalibus,

759 3174 809 3242 vt
839 3160 935 3244 lutra
967 3161 1132 3264 marina,
1165 3161 1379 3272 panniculus
1400 3160 1569 3246 camostrs
1596 3179 1725 3245 totum
1750 3186 1887 3271 corpus
1918 3163 2088 3275 obtegit,

761 3309 835 3370 nec
868 3310 962 3372 uero
992 3288 1103 3374 ullibi
1133 3289 1281 3374 melam
1312 3290 1599 3374 connexionem
1623 3312 1716 3371 cum
1750 3287 1922 3374 musculis
1952 3289 2087 3397 haber,

764 3411 836 3496 nist
868 3414 910 3495 in
940 3417 1100 3528 capite;
1130 3415 1313 3502 animalia
1344 3440 1439 3500 vero
1471 3415 1715 3526 panniculum
1756 3416 1910 3500 cralsum
1950 3421 2088 3528 adipo-

753 3538 844 3626 lum
877 3539 1090 3651 habentia,
1121 3543 1209 3627 licet
1242 3535 1446 3656 panniculo
1477 3543 1633 3632 carnoso
1669 3563 1845 3652 careant,
1890 3548 2089 3634 membra·

760 3692 857 3756 nant
886 3685 1016 3756 tamen
1045 3670 1303 3760 musculorum
1334 3694 1591 3758 communem
1622 3669 1811 3759 obtinent.

875 3892 1169 4029 ¹HISTORIA
1201 3896 1421 3990 MORVM
1453 3891 1619 3986 HVIVS
1650 3895 1947 3988 ANIMALIS.
1990 3826 1994 3832 ·

872 4085 1077 4208 ¹Animalia
1124 4088 1219 4175 haec
1268 4088 1523 4202 pulcherrirna
1564 4111 1616 4175 et
1664 4091 1716 4176 ob
1765 4089 2092 4203 pulchritudinem

764 4212 1021 4320 pretiosusuua
1052 4214 1166 4323 suut,
1201 4219 1227 4303 fi
1260 4218 1402 4330 pellem
1432 4220 1641 4305 confideres
1669 4219 1739 4329 pili
1758 4219 1973 4306 mollissrmi
1996 4251 2035 4307 r.
2052 4243 2093 4307 et

1995 4481 2094 4566 deu-
