4475 5900
739 511 827 596 aaa
882 559 885 565 ·
988 495 1345 598 OBSERVATIO
1376 488 1734 596 ANATOMtcA

733 734 831 820 inter
880 733 949 821 has
996 734 1248 820 intercollales
1296 730 1515 840 musculos,
1577 745 1757 813 extremo
1805 719 1870 811 suo
1934 724 2065 809 medio

733 866 851 948 etiam
886 863 992 949 illam
1027 882 1175 974 partem
1214 863 1411 974 operiens,
1447 883 1541 970 quae
1573 859 1613 940 in
1628 856 1786 966 septima
1812 851 1915 938 colla
1941 852 1989 936 ab
2006 856 2064 935 in-

731 989 888 1074 sertione
913 995 1080 1076 extremi
1108 993 1263 1076 minimi
1280 991 1392 1075 libera
1421 989 1496 1095 est,
1529 1011 1605 1070 vna
1624 1009 1715 1068 curn
1741 981 1805 1066 suo
1838 981 2063 1064 intercollali

732 1119 781 1202 ad
797 1118 923 1203 sextae
940 1119 1199 1229 cartilaginem
1221 1115 1286 1232 (a).
1301 1116 1418 1202 Ludit
1435 1113 1594 1200 interim
1612 1111 1731 1197 ethic
1749 1108 1931 1196 musculus
1945 1135 2063 1219 quan-

699 1247 978 1356 doquidem,
1023 1269 1067 1333 tt
1108 1251 1247 1332 caeteri
1306 1247 1345 1329 in
1387 1243 1548 1356 optimis
1611 1239 1841 1350 corporibus.
1909 1237 2065 1322 Praeter

734 1375 814 1458 iam
865 1396 1015 1460 notatas
1064 1379 1294 1480 uarietates,
1345 1373 1444 1457 vidit
1491 1365 1772 1456 Celeberrimos
1821 1365 1986 1452 Albinus
2024 1369 2063 1450 in

679 1508 685 1512 ’
734 1501 922 1612 quodam,
950 1505 1014 1586 cui
1043 1505 1226 1614 cartilago
1256 1501 1379 1586 costae
1409 1499 1569 1586 ostanae
1600 1499 1646 1582 ad
1678 1519 1721 1578 us
1752 1497 1916 1606 pelleris
1947 1498 2065 1606 perti·

731 1630 877 1737 nebat,
910 1629 1078 1716 Reetum
1109 1636 1226 1714 etiam
1258 1649 1453 1714 extremae
1493 1625 1548 1712 illi
1590 1622 1799 1734 cartilagini
1837 1623 1947 1708 inseri
1980 1618 2063 1737 (b).

731 1755 1058 1842 Praemonlbunte
1095 1761 1269 1868 eodem,
1299 1758 1356 1842 bis
1403 1754 1500 1840 mihi
1530 1755 1691 1864 contigit
1738 1773 1872 1838 notare
1909 1751 2066 1859 casnm,

732 1911 850 1996 quem
884 1887 924 1968 in
958 1887 1109 1971 historia
1143 1887 1299 1972 musculi
1332 1885 1447 1972 Reus
1479 1884 1693 1970 abdominis
1726 1883 1860 1991 postea
1897 1881 1974 1992 ipse
2023 1907 2065 1964 e·

732 2033 890 2121 narrat,
922 2013 1032 2099 huius
1061 2011 1196 2099 scilicet
1228 2015 1554 2100 continuationem
1587 2008 1823 2121 perpessus
1870 2014 1917 2096 ad
1967 2009 2067 2094 lom·

732 2164 844 2224 mam
893 2139 1010 2226 sterni
1060 2161 1246 2251 partem,
1296 2142 1365 2226 vbi
1417 2143 1534 2226 tenuis
1587 2156 1627 2222 et
1675 2135 1867 2223 tendinosa
1935 2137 2064 2222 insere

732 2267 845 2354 batur
882 2268 947 2353 sub
979 2268 1180 2374 lunulam,
1213 2295 1309 2382 quae
1342 2270 1492 2354 ineius
1529 2264 1684 2351 summo
1727 2266 1783 2350 est
1829 2263 1912 2383 (c).
1978 2267 2064 2354 Nec

738 2395 906 2480 multum
937 2395 1063 2481 differt
1094 2397 1143 2481 ab
1185 2397 1286 2504 hac,
1338 2421 1456 2510 quem
1508 2396 1635 2480 beatus
1682 2398 1907 2482 Antecelbr
1960 2422 2066 2482 meus

733 2516 1026 2608 Weitbrechtus
1056 2523 1259 2636 describit,
1298 2526 1480 2612 musculus
1520 2528 1559 2610 in
1598 2521 1750 2610 summo
1798 2527 1957 2638 pectore
2005 2551 2067 2611 or·

733 2666 822 2760 tus,
851 2652 914 2763 qui
944 2653 1053 2737 iuxta
1082 2653 1247 2739 sternam
1279 2652 1502 2740 descendens
1540 2651 1805 2738 obliterabatur
1846 2657 2065 2740 maximam

632 2839 637 2850 .
734 2797 887 2889 partem
904 2779 945 2863 in
963 2777 1207 2893 inscriptione
1224 2784 1400 2868 tendinea
1419 2779 1570 2869 musculi
1605 2781 1699 2868 recti
1724 2783 1942 2869 abdominis
1984 2780 2023 2898 (d
2038 2777 2065 2896 ).

573 2916 579 2941 ‘
734 2907 828 2995 Alia
860 2908 1008 2994 radone
1040 2909 1168 2995 ludere
1201 2913 1278 2997 vidi
1313 2908 1413 2997 hunc
1454 2907 1665 2997 musculum
1707 2914 1748 2998 in
1799 2935 1962 3025 corpore
2013 2917 2068 2997 in·

734 3035 857 3121 venili
889 3040 1098 3149 giganteo,
1130 3041 1169 3123 in
1210 3066 1302 3145 quo·
1335 3059 1552 3125 extremum
1601 3041 1754 3128 tertium
1807 3041 2066 3151 longilsnnum

736 3182 843 3274 purte
874 3162 936 3250 sua
969 3166 1177 3273 interiore,
1212 3168 1278 3252 vbi
1311 3168 1417 3253 iuxta
1458 3190 1675 3251 extremum
1710 3164 1914 3275 medium,
1946 3172 2068 3253 coliae

735 3292 860 3377 sextae
898 3291 1111 3403 cartilagini
1150 3295 1364 3403 adnatnm,
1403 3294 1618 3402 adscendit,
1660 3294 1880 3381 inserebatur
1911 3300 2067 3411 qttidem

534 3422 960 3529 “naxitendineum
994 3421 1094 3532 parti
1126 3421 1289 3509 inferiori
1320 3424 1543 3533 cartilaginis
1573 3422 1698 3507 colbse
1730 3422 1880 3536 quintae
1913 3402 1961 3539 (⁸1
1978 3422 2013 3539 ),
2030 3447 2069 3509 at

577 3538 639 3616 ⁶¹⁸·
655 3542 674 3599 ²
692 3536 834 3635 vueto
866 3571 971 3659 parte
1002 3551 1061 3635 sita
1092 3554 1297 3659 exteriori,
1331 3552 1397 3637 tbi
1437 3572 1628 3635 caeterum
1679 3554 1793 3637 initio
1822 3556 2066 3665 cartilagineo

552 3701 788 3779 armauere
820 3678 921 3763 costa
955 3680 1101 3763 orienti
1139 3681 1364 3790 proximum
1417 3680 1546 3765 finitur
1579 3673 1593 3784 s
1607 3676 1689 3791 a),
1730 3682 1845 3767 fibrae
1894 3684 2066 3767 carnosae
2132 3716 2136 3731 ·

735 3808 1007 3914 continuatae,
1055 3832 1125 3891 nec
1154 3810 1194 3892 in
1226 3810 1398 3893 tendines
1430 3809 1576 3919 versae,
1610 3809 1827 3895 adscendere
1854 3808 2065 3923 'pergebant

738 4208 787 4288 0.
813 4214 847 4290 P.
873 4216 1026 4296 Tabulam
1050 4224 1205 4299 XXXlll.
1235 4254 1272 4307 α.
1295 4224 1337 4337 β.
1360 4250 1415 4334 γ.
1437 4250 1459 4301 t·
1491 4228 1524 4305 h.
1539 4224 1572 4299 h.
1586 4226 1660 4305 h.h.
1677 4224 1895 4301 Actutatinsin
1906 4228 2068 4302 Albinium

738 4334 943 4412 musculorum
973 4338 1096 4417 Tabula
1132 4342 1170 4417 ll.
1203 4370 1230 4418 a.
1245 4344 1276 4417 b.
1292 4368 1318 4415 c.
1344 4339 1385 4415 L.
1405 4340 1442 4415 [a.
1459 4340 1500 4415 L.
1541 4339 1579 4415 ln
1607 4343 1724 4417 dextro
1746 4342 1792 4418 T.
1810 4342 1854 4421 Y.
1871 4374 1897 4422 a.
1915 4348 1947 4423 b.
1961 4372 1989 4421 c.
2032 4351 2068 4417 in

734 4443 853 4527 finillto
866 4430 913 4511 T.
933 4434 992 4508 W.
1007 4440 1052 4512 L.
1081 4472 1107 4516 a.
1126 4444 1199 4521 b.c.
2014 4506 2026 4517 „

811 4560 891 4656 ts>
916 4554 1032 4637 tutor.
1068 4562 1203 4643 nutui.
1234 4566 1318 4641 nn.
1334 4520 1402 4643 ut(
1420 4562 1500 4666 cap.
1546 4560 1709 4647 Lxxvu
1723 4580 1750 4643 t.

811 4679 890 4875 81))
915 4675 1099 4860 {mun
1116 4780 1280 4887 l'etropol.
1296 4780 1398 4859 Tan.
1413 4776 1475 4862 Ν.
1488 4802 1559 4887 pag.
1581 4797 1648 4871 2⁵²9
