4475 5900
494 544 578 645 DE
609 546 1135 654 amittendarum.
1403 492 1500 675 abl

174 807 265 904 cum
299 780 527 898 genitalibus·
547 806 764 890 exercentes
811 807 932 903 more,
971 789 1199 902 liminum,
1227 786 1327 877 adeo
1363 790 1507 887 intenti
1579 756 1583 765 ’

116 1031 121 1049 ἱ
175 914 533 1157 ἓηὲορὲἑξῗϋοηάρ
561 918 750 1035 corpori,
781 936 829 1007 ct
858 919 954 1007 dnm
986 917 1063 1012 hoc
1080 938 1226 1033 agunt,
1239 917 1363 1011 secure
1401 922 1504 1039 occi3
1566 996 1569 1005 .

293 1232 414 1322 Cursu
461 1237 535 1326 uix
549 1238 653 1328 celer
688 1239 814 1329 cursor
859 1240 996 1358 affequi
1026 1240 1185 1359 potest,
1216 1240 1395 1333 fallaciter
1432 1238 1505 1365 adl

178 1364 344 1451 modum
376 1382 417 1463 et
445 1370 576 1455 multis
625 1372 846 1481 ambagibus
876 1374 1022 1483 currit,
1068 1373 1136 1458 ubi
1166 1394 1265 1459 uero
1302 1376 1422 1459 uiam
1454 1370 1504 1459 ad

181 1515 291 1576 mare
338 1494 594 1607 interceptam
641 1499 781 1609 aido,
823 1498 966 1585 vitibus
1011 1496 1190 1585 exhausta
1240 1518 1281 1583 et
1321 1496 1508 1599 ,anhuou

179 1619 364 1705 subsistere
395 1640 774 1732 tenetur,cat0n1m
809 1650 922 1711 more
949 1623 1105 1710 dorsum
1138 1628 1178 1710 in
1209 1650 1341 1711 arcum
1358 1628 1509 1736 eleuat,

180 1772 226 1831 ac
257 1749 461 1835 inimicum
493 1750 584 1837 saltu
613 1752 787 1837 inuadere
818 1754 1021 1859 minatur,
1052 1750 1183 1839 stridet
1213 1750 1326 1837 instar
1355 1751 1432 1837 cati
1454 1752 1508 1837 fe-

181 1876 309 1983 rocis,
337 1902 410 1963 nos
438 1901 536 1963 uero
576 1879 824 1965 nonnulitatis
851 1877 937 1965 suae
985 1878 1164 1965 ventosae
1212 1877 1382 1966 conscios
1428 1902 1510 1970 nou

181 2003 392 2116 determit,
419 2009 539 2091 unico
565 2005 656 2091 forti
685 2008 766 2093 ictu
813 2007 910 2093 dum
958 2023 1073 2121 caput
1119 2007 1263 2121 petitur
1309 2006 1510 2093 coniestim

182 2134 375 2218 exanimis
405 2134 445 2218 in
477 2152 618 2220 terram
650 2135 864 2241 concidit,
890 2140 1127 2246 anteriorum
1177 2134 1322 2245 pedum
1370 2134 1509 2246 plantis

183 2257 316 2357 oculos
361 2264 567 2373 cooperit,
598 2260 742 2347 etiamfi
774 2262 889 2344 uicies
928 2259 1082 2346 dorsum
1117 2262 1348 2369 verberant,
1415 2262 1512 2347 ictu

185 2386 329 2471 strenue
359 2391 528 2499 perfert,
559 2391 663 2498 quod
695 2388 723 2471 fi
755 2410 853 2469 uero
884 2386 1002 2469 cauda
1037 2392 1137 2471 inter
1176 2389 1403 2473 currendum
1438 2412 1513 2473 ex·

186 2510 287 2596 tensa
336 2518 585 2621 verberatur,
634 2510 853 2600 confestim.
886 2512 1071 2597 conuerso
1126 2539 1291 2625 corpote
1340 2512 1511 2599 frontem

185 2639 387 2751 perculsori
416 2641 482 2727 suo
511 2641 724 2728 admodum
754 2639 910 2727 ridicule
942 2641 1083 2751 offert,
1114 2638 1257 2754 saepius
1281 2643 1445 2753 contigit
1462 2658 1511 2729 vt

185 2793 269 2852 vno
298 2768 376 2855 iun
405 2773 616 2876 caderent,
648 2793 693 2853 ac
722 2770 758 2853 se
792 2786 969 2854 mortuos
998 2769 1246 2879 simularent,
1278 2798 1394 2882 quarn
1430 2770 1510 2883 pri·

188 2922 300 2982 mum
331 2923 427 2985 uero
459 2926 530 2985 nos
560 2923 652 2984 cum
668 2900 749 2985 aliis
771 2915 975 3008 occupatos
989 2897 1195 3009 videbant,
1235 2918 1394 3009 repente
1418 2898 1513 2984 affu-

188 3027 368 3135 giebaut,
400 3054 452 3113 ex
483 3055 562 3139 quo
591 3029 699 3114 nobis
731 3026 938 3140 apparebat
986 3021 1160 3131 dolosum
1210 3025 1321 3114 rude
1370 3023 1513 3110 animal

187 3153 293 3260 eise,
323 3153 374 3240 de
407 3159 584 3244 industria
614 3155 725 3268 bepe
755 3160 797 3242 in
827 3151 1011 3265 angustias
1040 3151 1260 3262 redegimus
1289 3150 1430 3264 absque
1455 3155 1515 3236 in·
1592 3217 1596 3224 .
1731 3145 1734 3153 ’

190 3282 362 3368 tentione
392 3288 585 3394 nocendi,
620 3283 758 3370 deinde
789 3301 938 3394 paratas
969 3280 1191 3366 tenebamus
1222 3277 1377 3389 clauus,
1415 3279 1494 3364 iace
1502 3327 1514 3345 ¹·

195 3408 287 3493 bant
318 3411 404 3499 illae
435 3414 668 3502 blandientes
698 3430 738 3497 et
782 3411 948 3522 rudique
997 3405 1372 3520 circumspicientes,
1413 3405 1516 3492 lente

128 3643 131 3646 ⁴
191 3537 406 3627 admodum
435 3561 476 3628 et
507 3542 708 3628 humiliter
738 3565 877 3626 canum
909 3562 1020 3625 more
1051 3561 1121 3646 per
1161 3562 1233 3622 nos
1281 3535 1516 3642 transibant,

92 3659 98 3670 ’
191 3692 307 3775 quam
344 3674 512 3782 primum
544 3695 641 3755 reru
671 3667 741 3753 sese
773 3666 943 3782 periculo
972 3665 1147 3753 liberatas
1193 3664 1406 3772 uidebant,
1456 3661 1522 3774 in3

192 3796 362 3905 gentibau
389 3797 539 3885 saltibus
567 3800 614 3884 ad
647 3823 753 3884 mare
783 3793 1051 3912 properabant.

137 4039 142 4050 ·
310 3987 459 4080 Stantes
486 3989 631 4077 collum
663 3991 863 4080 extensum
895 3991 1039 4075 seruant
1070 3985 1117 4074 ad
1149 4010 1288 4100 corpus
1303 4054 1317 4096 ‚
1333 4009 1377 4072 ac
1392 3960 1534 4104 polim⁸
1617 3981 1619 3988 '

195 4127 288 4214 riori
320 4143 426 4236 parte
458 4121 645 4208 ulteriores
687 4121 784 4206 stant
831 4120 885 4205 ob
915 4120 1060 4234 pedum
1092 4115 1384 4233 longitudinem.
1520 4179 1524 4186 -

312 4381 462 4470 Natant
495 4377 619 4464 modo
652 4379 693 4460 in
723 4397 886 4486 uentre,
919 4379 1043 4464 modo
1075 4375 1217 4463 inmo
1249 4376 1395 4488 latete,
1427 4375 1521 4466 moi

197 4518 252 4603 do
283 4513 324 4597 in
355 4510 466 4594 dorso
496 4505 665 4616 supinae,
683 4508 767 4591 imo
798 4509 935 4594 stantes
950 4509 998 4596 ad
1015 4508 1331 4625 perpendiculum
1363 4524 1520 4616 natant,

265 4642 394 4762 Tomi
421 4632 855 4726 ll.'Nuu.Comment.
1076 4633 1123 4723 D
1153 4635 1242 4728 dd
1444 4655 1559 4754 rna¹
1718 4713 1722 4720 ,
