4475 5900
751 479 846 561 260
1046 452 1397 564 onauntfnmo
1426 447 1807 561 mammea

758 723 919 792 urantur
936 771 949 814 ,
967 702 1034 789 etsr
1067 725 1123 786 ex
1151 703 1318 812 corpore
1348 693 1491 782 diuerso
1539 691 1635 808 (a),
1654 689 1780 814 {idque
1813 687 1925 778 valde
1955 693 2090 780 eonn-

760 836 808 920 se.
875 833 925 920 In
958 832 1077 942 priori
1116 832 1261 944 etenim
1319 821 1445 915 tabula
1506 818 1579 937 (b)
1642 823 1711 906 tria
1758 819 1918 907 musculi
1968 843 2087 908 extre·

757 990 827 1049 ma
859 959 1101 1070 nequidem
1134 957 1302 1044 adduas
1334 979 1442 1039 veras
1479 949 1670 1036 inferiores
1716 949 1835 1035 collas
1885 950 2082 1061 pertinent.

757 1085 889 1204 Caput
921 1091 1067 1173 etenim
1119 1081 1193 1200 (ut
1223 1109 1313 1168 cum
1371 1081 1544 1167 Auctore
1592 1079 1747 1191 loquar)
1799 1075 2086 1190 breuiffimum‚

660 1295 666 1303 .
746 1221 869 1308 iuxta
903 1219 1043 1302 lineam
1076 1211 1205 1300 albam
1236 1211 1488 1319 adscendens,
1520 1207 1557 1291 se
1588 1205 1658 1298 sub
1687 1207 1816 1293 costae
1848 1207 2012 1292 odituae
2036 1209 2087 1328 ul·

757 1348 857 1435 tima
897 1345 1145 1457 cartilagine,
1186 1367 1283 1456 quae
1310 1360 1352 1424 et
1382 1340 1444 1425 hic
1478 1357 1625 1450 praeter
1671 1355 1848 1422 naturam
1878 1337 2008 1422 sterno
2036 1339 2087 1422 in-

755 1476 1002 1581 articulatur,
1034 1471 1262 1578 abscondit,
1295 1486 1407 1582 atque
1441 1465 1527 1552 inde
1560 1465 1681 1574 oriri,
1730 1466 1793 1550 vel
1827 1465 1914 1550 huic
1966 1467 2089 1578 potiut

758 1603 887 1712 inseri,
903 1602 1068 1688 uidenrr.
1100 1597 1218 1684 quta
1247 1597 1325 1688 hoc
1356 1597 1429 1683 alia
1461 1595 1550 1680 bina
1580 1591 1840 1702 adscendunt,
1856 1613 2003 1707 atque,
2027 1621 2089 1680 co

760 1733 838 1818 stae
870 1753 998 1816 nonae
1026 1747 1067 1814 et
1100 1727 1257 1814 otiante
1290 1725 1397 1836 prius
1426 1723 1704 1842 cartilaginibus
1734 1721 1943 1835 superatis,
1974 1725 2086 1810 etiam

761 1858 946 1975 stprimae
977 1855 1237 1968 cartilaginem
1270 1870 1433 1965 tegunt,
1466 1870 1507 1938 et
1538 1852 1775 1964 longitudine
1790 1855 1890 1938 inter
1905 1849 1944 1936 se
1962 1877 2088 1964 aema-
2201 1925 2202 1934 r

758 1986 841 2097 ba,
872 2012 1088 2102 pnumque
1114 2010 1138 2071 a
1169 1983 1204 2068 se
1234 1984 1405 2070 inuicem
1445 1978 1627 2090 didudia,
1677 1981 1947 2067 intermediam
1999 1981 2088 2068 bant

759 2114 994 2228 transponere
1035 2115 1294 2228 permittunt:
1327 2109 1465 2196 deinde
1503 2111 1551 2195 ad
1584 2112 1800 2220 marginem
1831 2109 1943 2196 ludus
1991 2111 2090 2224 supe·

758 2245 907 2332 riotem
939 2241 1007 2329 vel
1038 2261 1207 2328 truncata
1241 2256 1512 2353 apponuntur,
1541 2238 1606 2324 rel
1631 2241 1767 2352 eidem
1815 2263 1951 2326 carnea
2000 2240 2088 2326 inse·

681 2465 699 2490 s
760 2390 925 2480 tutatur,
953 2371 1058 2484 quod
1088 2395 1170 2456 non
1203 2372 1358 2456 euidens
1405 2367 1653 2479 distinguitur.
1719 2368 1768 2454 ln
1799 2369 1912 2454 altera
1962 2389 2088 2456 autern

761 2501 889 2592 tabula
920 2493 991 2619 (c)
1042 2501 1184 2589 iterum
1217 2501 1258 2586 in
1288 2500 1358 2584 tria
1389 2513 1567 2586 extrema
1597 2487 1785 2586 musculus
1811 2497 1977 2610 delinit,
2002 2526 2089 2614 quae

2014 2657 2088 2718 nou

758 2780 862 2855 britte
873 2780 1028 2856 vertebras
1040 2777 1130 2877 snpra
1144 2783 1173 2852 se
1189 2785 1321 2854 inuitem
1347 2781 1477 2855 mobiles
1500 2789 1623 2884 iungit,
1655 2782 1729 2856 nihil
1744 2781 1890 2880 supersit,
1913 2787 1969 2854 nifi
1986 2785 2088 2856 tantil-

758 2881 833 3001 ⁸¹3⁰.
841 2929 856 2972 ,
883 2883 974 2984 quod
990 2885 1154 3004 utrimque
1167 2880 1208 2959 td
1222 2905 1317 2959 utam
1331 2881 1381 2959 uel
1395 2881 1521 2960 alteram
1537 2883 1651 2961 bream
1666 2937 1677 2973 ‚
1702 2881 1818 2959 sulcum
1833 2885 1866 2959 in
1880 2881 1976 2957 latere
1997 2884 2090 2961 tdlrte

764 2982 1285 3187 dmmg¹}e(na:e)mD¹i?r¹e¹:¹Et’cortuum
1309 3082 1396 3159 fitilla
1408 3134 1421 3175 ,
1448 3110 1491 3161 ex
1516 3086 1629 3187 quibua
1651 3082 1790 3189 Figurae
1812 3082 1899 3157 binae
1936 3083 2092 3161 defuturae

764 3180 839 3257 sunt
853 3204 1011 3357 ,grau
1034 3188 1110 3286 quia
1133 3184 1264 3359 religuos
1291 3186 1324 3257 in
1351 3184 1463 3259 ollibus
1490 3192 1525 3258 et
1549 3187 1691 3263 musculis
1713 3187 1836 3263 habitus
1859 3184 1955 3261 valde
1989 3186 2091 3261 tillire-

762 3308 827 3385 με.
924 3282 998 3357 bula
1021 3289 1140 3357 etenim
1203 3292 1303 3357 etima
1330 3286 1447 3359 thorax
1470 3290 1601 3361 naturali
1627 3289 1751 3388 longior
1765 3287 1933 3365 delmeatut
1945 3337 1959 3378 ‚
1998 3314 2090 3386 vtpa-

757 3408 797 3458 re
818 3384 874 3459 rbi
895 3389 971 3459 ousta
994 3386 1103 3461 onan
1128 3384 1178 3459 saa
1205 3386 1367 3483 catilagine
1392 3390 1487 3459 etiam
1511 3388 1551 3461 ad
1584 3396 1717 3466 tenum
1756 3390 1884 3461 inferius
1907 3392 2086 3490 pertingit,
2135 3443 2144 3463 ,

758 3490 838 3561 auor
863 3512 881 3559 a
904 3482 1030 3561 dnobus
1052 3490 1199 3559 extremis
1224 3484 1354 3560 musculi
1393 3490 1467 3563 rani
1499 3487 1701 3575 abdominis,
1724 3486 1780 3563 sed
1803 3493 1866 3561 fine
1889 3487 1948 3561 suo
1982 3514 2089 3563 emet-

757 3610 838 3690 gcru
859 3608 893 3661 et
915 3590 1240 3687 tegensiexttemum
1269 3588 1414 3663 eiusdem
1457 3588 1583 3662 musculi
1621 3594 1801 3665 minimum
1851 3584 1975 3661 Tabula
2015 3616 2090 3667 uero

757 3689 926 3764 undecim
1077 3688 1217 3763 naturale
1239 3692 1306 3775 eli,
1333 3687 1390 3762 vbi
1417 3686 1545 3787 staprit'na
1566 3696 1641 3765 tolla
1666 3691 1778 3765 rltimr
1801 3692 1886 3763 stetui
1912 3688 1991 3763 latus
2014 3693 2090 3765 infra

748 3794 895 3891 attingit.
972 3809 1110 3861 taeterea
1136 3794 1170 3859 in
1198 3794 1568 3909 utraquefiguraipsrus
1600 3790 1725 3911 masnili
1764 3792 1835 3865 resta
1887 3786 2009 3864 habiret
2037 3792 2088 3866 di-

756 3892 944 4090 ἶζῖῗιᾶἀιιι
967 3884 1402 4069 ωῇὴοαιιιξίιιξᾜιέιῗιΐέιῗ
1412 3888 1529 4067 'dihlffia
1534 3891 1755 4095 ιιίῗῗώοῖῗίξιῖι
1769 3891 2088 4081 ,Ἒῶἰὲῗὶηέιῖ

756 4087 1031 4190 ιιοιὶωροιῗοᾶι
1053 4094 1107 4163 est.
1155 4086 1193 4163 ln
1218 4088 1432 4164 alternantem
1459 4086 1514 4166 Ta
1561 4090 1722 4165 lacedem
1737 4088 1909 4179 undulata,
1924 4097 2087 4195 'rutngraet

755 4184 894 4261 absoluta
917 4211 1017 4266 totam
1041 4187 1169 4263 musculi
1192 4188 1390 4271 latitudinem
1412 4188 1504 4267 secat.
1556 4188 1621 4267 Vri
1644 4192 1796 4269 diuersam
1836 4191 1915 4267 hanc
1950 4194 2089 4283 faciem,

758 4290 795 4362 in
819 4285 910 4371 aliia,
941 4312 975 4361 et
1002 4294 1064 4365 rite
1095 4289 1269 4381 formatis,
1298 4290 1481 4389 corporibus
1504 4289 1620 4389 saepius
1633 4296 1797 4369 obseruare
1809 4290 1956 4369 solemur.
2003 4292 2092 4371 Vide

755 4408 939 4499 practerea,
968 4411 1047 4485 quae
1070 4391 1111 4463 de
1136 4390 1261 4471 Settato
1282 4396 1401 4473 Antio
1424 4396 1488 4471 fitne
1513 4388 1662 4473 Pelium
1677 4398 1796 4475 minui
1821 4393 1912 4499 supra
1939 4416 2093 4481 nmilia

828 4703 831 4706 .
904 4479 973 4695 lli
993 4480 1123 4661 lut
1140 4492 1217 4665 it.
