<?xml version="1.0" encoding="UTF-8"?>
<!DOCTYPE html PUBLIC "-//W3C//DTD XHTML 1.0 Transitional//EN"
    "http://www.w3.org/TR/xhtml1/DTD/xhtml1-transitional.dtd">
<html xmlns="http://www.w3.org/1999/xhtml" xml:lang="en" lang="en">
 <head>
  <title>
</title>
<meta http-equiv="Content-Type" content="text/html;charset=utf-8" />
  <meta name='ocr-system' content='tesseract 3.04.00' />
  <meta name='ocr-capabilities' content='ocr_page ocr_carea ocr_par ocr_line ocrx_word'/>
</head>
<body>
  <div class='ocr_page' id='page_1' title='image "./novicommentarii12sssrgoog/novicommentarii12sssrgoog_0476.png"; bbox 0 0 4475 5900; ppageno 0'>
   <div class='ocr_carea' id='block_1_1' title="bbox 683 422 1823 607">
    <p class='ocr_par' dir='ltr' id='par_1_1' title="bbox 683 422 1823 607">
     <span class='ocr_line' id='line_1_1' title="bbox 683 422 1823 607; baseline -0.031 -14"><span class='ocrx_word' id='word_1_1' title='bbox 683 584 689 593; x_wconf 84' lang='lat'><strong>.</strong></span> <span class='ocrx_word' id='word_1_2' title='bbox 795 486 892 607; x_wconf 71' lang='lat' dir='ltr'>oto.</span> <span class='ocrx_word' id='word_1_3' title='bbox 1026 542 1035 557; x_wconf 84' lang='lat'><strong>.</strong></span> <span class='ocrx_word' id='word_1_4' title='bbox 1092 422 1427 603; x_wconf 58' lang='lat' dir='ltr'>Melitonus</span> <span class='ocrx_word' id='word_1_5' title='bbox 1456 459 1823 563; x_wconf 70' lang='lat' dir='ltr'>oenomaum</span> 
     </span>
    </p>
   </div>
   <div class='ocr_carea' id='block_1_2' title="bbox 781 690 2068 3240">
    <p class='ocr_par' dir='ltr' id='par_1_2' title="bbox 781 690 2068 3240">
     <span class='ocr_line' id='line_1_2' title="bbox 793 690 2057 817; baseline 0.015 -42"><span class='ocrx_word' id='word_1_6' title='bbox 793 691 1094 801; x_wconf 44' lang='lat' dir='ltr'>declinationem*</span> <span class='ocrx_word' id='word_1_7' title='bbox 1118 694 1310 784; x_wconf 86' lang='lat' dir='ltr'>diurnus.¹</span> <span class='ocrx_word' id='word_1_8' title='bbox 1359 690 1401 791; x_wconf 79' lang='lat' dir='ltr'>Si</span> <span class='ocrx_word' id='word_1_9' title='bbox 1432 714 1563 787; x_wconf 89' lang='lat' dir='ltr'>autem</span> <span class='ocrx_word' id='word_1_10' title='bbox 1606 724 1725 810; x_wconf 87' lang='lat' dir='ltr'>porro</span> <span class='ocrx_word' id='word_1_11' title='bbox 1754 701 1794 783; x_wconf 87' lang='lat' dir='ltr'>io</span> <span class='ocrx_word' id='word_1_12' title='bbox 1825 700 1908 817; x_wconf 83' lang='lat' dir='ltr'>loro</span> <span class='ocrx_word' id='word_1_13' title='bbox 1934 701 2057 793; x_wconf 84' lang='lat' dir='ltr'>obsera·</span> 
     </span>
     <span class='ocr_line' id='line_1_3' title="bbox 795 823 2058 938; baseline 0.009 -28"><span class='ocrx_word' id='word_1_14' title='bbox 795 823 911 910; x_wconf 86' lang='lat' dir='ltr'>tionis</span> <span class='ocrx_word' id='word_1_15' title='bbox 939 824 1103 935; x_wconf 85' lang='lat' dir='ltr'>altitudo</span> <span class='ocrx_word' id='word_1_16' title='bbox 1153 832 1270 912; x_wconf 87' lang='lat' dir='ltr'>etiam</span> <span class='ocrx_word' id='word_1_17' title='bbox 1302 830 1509 935; x_wconf 84' lang='lat' dir='ltr'>aequaturis</span> <span class='ocrx_word' id='word_1_18' title='bbox 1540 831 1691 937; x_wconf 82' lang='lat' dir='ltr'>cognita</span> <span class='ocrx_word' id='word_1_19' title='bbox 1732 829 1864 938; x_wconf 69' lang='lat' dir='ltr'>duit,</span> <span class='ocrx_word' id='word_1_20' title='bbox 1905 858 1951 917; x_wconf 86' lang='lat' dir='ltr'>ex</span> <span class='ocrx_word' id='word_1_21' title='bbox 1974 837 2058 921; x_wconf 89' lang='lat' dir='ltr'>altitu·</span> 
     </span>
     <span class='ocr_line' id='line_1_4' title="bbox 794 932 2058 1064; baseline 0.009 -28"><span class='ocrx_word' id='word_1_22' title='bbox 794 932 941 1059; x_wconf 74' lang='lat' dir='ltr'>diuilprns</span> <span class='ocrx_word' id='word_1_23' title='bbox 971 951 1041 1035; x_wconf 77' lang='lat' dir='ltr'>illis</span> <span class='ocrx_word' id='word_1_24' title='bbox 1068 946 1171 1037; x_wconf 88' lang='lat' dir='ltr'>Solis</span> <span class='ocrx_word' id='word_1_25' title='bbox 1204 953 1346 1063; x_wconf 87' lang='lat' dir='ltr'>poterit</span> <span class='ocrx_word' id='word_1_26' title='bbox 1376 950 1475 1049; x_wconf 79' lang='lat' dir='ltr'>facili</span> <span class='ocrx_word' id='word_1_27' title='bbox 1522 961 1683 1064; x_wconf 82' lang='lat' dir='ltr'>negotio</span> <span class='ocrx_word' id='word_1_28' title='bbox 1732 958 1860 1042; x_wconf 88' lang='lat' dir='ltr'>deduci</span> <span class='ocrx_word' id='word_1_29' title='bbox 1907 962 2058 1047; x_wconf 76' lang='lat' dir='ltr'>declinatio</span> 
     </span>
     <span class='ocr_line' id='line_1_5' title="bbox 795 1073 2059 1195; baseline 0.011 -36"><span class='ocrx_word' id='word_1_30' title='bbox 795 1073 901 1181; x_wconf 73' lang='lat' dir='ltr'>Solis,</span> <span class='ocrx_word' id='word_1_31' title='bbox 928 1081 968 1162; x_wconf 91' lang='lat' dir='ltr'>in</span> <span class='ocrx_word' id='word_1_32' title='bbox 1000 1099 1162 1191; x_wconf 81' lang='lat' dir='ltr'>utroque</span> <span class='ocrx_word' id='word_1_33' title='bbox 1192 1082 1367 1168; x_wconf 85' lang='lat' dir='ltr'>meridie.</span> <span class='ocrx_word' id='word_1_34' title='bbox 1432 1083 1504 1187; x_wconf 82' lang='lat' dir='ltr'>His</span> <span class='ocrx_word' id='word_1_35' title='bbox 1534 1102 1665 1170; x_wconf 87' lang='lat' dir='ltr'>autem</span> <span class='ocrx_word' id='word_1_36' title='bbox 1706 1087 1868 1195; x_wconf 78' lang='lat' dir='ltr'>cognitio</span> <span class='ocrx_word' id='word_1_37' title='bbox 1910 1090 2059 1173; x_wconf 78' lang='lat' dir='ltr'>declinatio</span> 
     </span>
     <span class='ocr_line' id='line_1_6' title="bbox 797 1200 2060 1329; baseline 0.007 -38"><span class='ocrx_word' id='word_1_38' title='bbox 797 1200 897 1291; x_wconf 84' lang='lat' dir='ltr'>Solis</span> <span class='ocrx_word' id='word_1_39' title='bbox 924 1209 975 1291; x_wconf 89' lang='lat' dir='ltr'>ad</span> <span class='ocrx_word' id='word_1_40' title='bbox 1006 1201 1202 1319; x_wconf 74' lang='lat' dir='ltr'>quodlibet</span> <span class='ocrx_word' id='word_1_41' title='bbox 1231 1210 1359 1301; x_wconf 82' lang='lat' dir='ltr'>etiam</span> <span class='ocrx_word' id='word_1_42' title='bbox 1390 1210 1469 1301; x_wconf 88' lang='lat' dir='ltr'>diei</span> <span class='ocrx_word' id='word_1_43' title='bbox 1501 1228 1691 1324; x_wconf 83' lang='lat' dir='ltr'>tempus,</span> <span class='ocrx_word' id='word_1_44' title='bbox 1720 1211 1780 1297; x_wconf 84' lang='lat' dir='ltr'>se&#39;u</span> <span class='ocrx_word' id='word_1_45' title='bbox 1812 1216 1855 1299; x_wconf 90' lang='lat' dir='ltr'>ad</span> <span class='ocrx_word' id='word_1_46' title='bbox 1886 1234 2060 1329; x_wconf 78' lang='lat' dir='ltr'>temporeo·</span> 
     </span>
     <span class='ocr_line' id='line_1_7' title="bbox 799 1334 2060 1447; baseline 0.004 -28"><span class='ocrx_word' id='word_1_47' title='bbox 799 1334 946 1419; x_wconf 86' lang='lat' dir='ltr'>iuslibet</span> <span class='ocrx_word' id='word_1_48' title='bbox 976 1336 1244 1422; x_wconf 83' lang='lat' dir='ltr'>obseruationis</span> <span class='ocrx_word' id='word_1_49' title='bbox 1274 1337 1438 1447; x_wconf 79' lang='lat' dir='ltr'>phraseos</span> <span class='ocrx_word' id='word_1_50' title='bbox 1486 1341 1710 1435; x_wconf 82' lang='lat' dir='ltr'>iuueuiemr.</span> <span class='ocrx_word' id='word_1_51' title='bbox 1792 1344 1856 1427; x_wconf 87' lang='lat' dir='ltr'>Ex</span> <span class='ocrx_word' id='word_1_52' title='bbox 1884 1370 1921 1429; x_wconf 91' lang='lat' dir='ltr'>ea</span> <span class='ocrx_word' id='word_1_53' title='bbox 1946 1368 2018 1428; x_wconf 84' lang='lat' dir='ltr'>nero</span> <span class='ocrx_word' id='word_1_54' title='bbox 2036 1362 2060 1426; x_wconf 87' lang='lat' dir='ltr'>tt</span> 
     </span>
     <span class='ocr_line' id='line_1_8' title="bbox 797 1461 2061 1582; baseline 0.009 -40"><span class='ocrx_word' id='word_1_55' title='bbox 797 1461 1025 1570; x_wconf 78' lang='lat' dir='ltr'>obliquitate</span> <span class='ocrx_word' id='word_1_56' title='bbox 1055 1462 1252 1571; x_wconf 85' lang='lat' dir='ltr'>eclipticae</span> <span class='ocrx_word' id='word_1_57' title='bbox 1282 1470 1329 1549; x_wconf 89' lang='lat' dir='ltr'>ad</span> <span class='ocrx_word' id='word_1_58' title='bbox 1360 1485 1620 1577; x_wconf 86' lang='lat' dir='ltr'>aequatorem·</span> <span class='ocrx_word' id='word_1_59' title='bbox 1656 1468 1752 1553; x_wconf 84' lang='lat' dir='ltr'>datis</span> <span class='ocrx_word' id='word_1_60' title='bbox 1793 1469 1970 1557; x_wconf 81' lang='lat' dir='ltr'>inclinatio</span> <span class='ocrx_word' id='word_1_61' title='bbox 1995 1494 2061 1582; x_wconf 85' lang='lat' dir='ltr'>qoo-</span> 
     </span>
     <span class='ocr_line' id='line_1_9' title="bbox 797 1590 2060 1709; baseline 0.008 -37"><span class='ocrx_word' id='word_1_62' title='bbox 797 1614 873 1702; x_wconf 89' lang='lat' dir='ltr'>que</span> <span class='ocrx_word' id='word_1_63' title='bbox 905 1590 1105 1697; x_wconf 69' lang='lat' dir='ltr'>ecliptipae</span> <span class='ocrx_word' id='word_1_64' title='bbox 1136 1591 1184 1674; x_wconf 87' lang='lat' dir='ltr'>ad</span> <span class='ocrx_word' id='word_1_65' title='bbox 1219 1592 1396 1687; x_wconf 80' lang='lat' dir='ltr'>diurnum</span> <span class='ocrx_word' id='word_1_66' title='bbox 1430 1590 1527 1681; x_wconf 89' lang='lat' dir='ltr'>Solis</span> <span class='ocrx_word' id='word_1_67' title='bbox 1540 1644 1545 1654; x_wconf 90' lang='lat'>·</span> <span class='ocrx_word' id='word_1_68' title='bbox 1559 1620 1636 1703; x_wconf 90' lang='lat' dir='ltr'>pro</span> <span class='ocrx_word' id='word_1_69' title='bbox 1674 1598 1848 1708; x_wconf 86' lang='lat' dir='ltr'>quolibet</span> <span class='ocrx_word' id='word_1_70' title='bbox 1876 1600 1938 1685; x_wconf 89' lang='lat' dir='ltr'>diei</span> <span class='ocrx_word' id='word_1_71' title='bbox 1952 1618 2060 1709; x_wconf 82' lang='lat' dir='ltr'>tempo</span> 
     </span>
     <span class='ocr_line' id='line_1_10' title="bbox 798 1712 2062 1831; baseline 0.006 -30"><span class='ocrx_word' id='word_1_72' title='bbox 798 1741 842 1801; x_wconf 87' lang='lat' dir='ltr'>re</span> <span class='ocrx_word' id='word_1_73' title='bbox 873 1716 1201 1822; x_wconf 75' lang='lat' dir='ltr'>determinabitur.</span> <span class='ocrx_word' id='word_1_74' title='bbox 1266 1718 1321 1815; x_wconf 86' lang='lat' dir='ltr'>Et</span> <span class='ocrx_word' id='word_1_75' title='bbox 1353 1721 1441 1831; x_wconf 83' lang='lat' dir='ltr'>quin</span> <span class='ocrx_word' id='word_1_76' title='bbox 1472 1712 1731 1809; x_wconf 72' lang='lat' dir='ltr'>inclinationes</span> <span class='ocrx_word' id='word_1_77' title='bbox 1764 1728 1811 1811; x_wconf 87' lang='lat' dir='ltr'>ad</span> <span class='ocrx_word' id='word_1_78' title='bbox 1841 1728 1992 1812; x_wconf 87' lang='lat' dir='ltr'>diurnum</span> <span class='ocrx_word' id='word_1_79' title='bbox 2015 1724 2062 1809; x_wconf 89' lang='lat' dir='ltr'>So·</span> 
     </span>
     <span class='ocr_line' id='line_1_11' title="bbox 800 1827 2061 1962; baseline 0.008 -35"><span class='ocrx_word' id='word_1_80' title='bbox 800 1827 847 1927; x_wconf 86' lang='lat' dir='ltr'>lis</span> <span class='ocrx_word' id='word_1_81' title='bbox 877 1845 1072 1932; x_wconf 84' lang='lat' dir='ltr'>distantiae</span> <span class='ocrx_word' id='word_1_82' title='bbox 1104 1866 1322 1945; x_wconf 85' lang='lat' dir='ltr'>ceutronum</span> <span class='ocrx_word' id='word_1_83' title='bbox 1353 1846 1484 1943; x_wconf 82' lang='lat' dir='ltr'>Lunae</span> <span class='ocrx_word' id='word_1_84' title='bbox 1513 1870 1551 1937; x_wconf 82' lang='lat' dir='ltr'>et</span> <span class='ocrx_word' id='word_1_85' title='bbox 1582 1846 1713 1962; x_wconf 82' lang='lat' dir='ltr'>Solis,</span> <span class='ocrx_word' id='word_1_86' title='bbox 1746 1878 1829 1938; x_wconf 82' lang='lat' dir='ltr'>nec·</span> <span class='ocrx_word' id='word_1_87' title='bbox 1851 1852 2061 1939; x_wconf 77' lang='lat' dir='ltr'>nontiaeln</span> 
     </span>
     <span class='ocr_line' id='line_1_12' title="bbox 804 1970 2061 2095; baseline 0.009 -42"><span class='ocrx_word' id='word_1_88' title='bbox 804 1996 878 2054; x_wconf 88' lang='lat' dir='ltr'>nae</span> <span class='ocrx_word' id='word_1_89' title='bbox 910 1970 1057 2094; x_wconf 40' lang='lat' dir='ltr'>apsole</span> <span class='ocrx_word' id='word_1_90' title='bbox 1087 1974 1184 2057; x_wconf 80' lang='lat' dir='ltr'>vilae</span> <span class='ocrx_word' id='word_1_91' title='bbox 1216 1994 1393 2084; x_wconf 85' lang='lat' dir='ltr'>tempore</span> <span class='ocrx_word' id='word_1_92' title='bbox 1427 1978 1521 2061; x_wconf 90' lang='lat' dir='ltr'>inter</span> <span class='ocrx_word' id='word_1_93' title='bbox 1553 1979 1644 2065; x_wconf 82' lang='lat' dir='ltr'>duaa</span> <span class='ocrx_word' id='word_1_94' title='bbox 1678 2008 1906 2095; x_wconf 86' lang='lat' dir='ltr'>quascunque</span> <span class='ocrx_word' id='word_1_95' title='bbox 1945 1979 2061 2065; x_wconf 81' lang='lat' dir='ltr'>obsana-</span> 
     </span>
     <span class='ocr_line' id='line_1_13' title="bbox 801 2097 2062 2219; baseline 0.01 -42"><span class='ocrx_word' id='word_1_96' title='bbox 801 2100 922 2181; x_wconf 84' lang='lat' dir='ltr'>tiones</span> <span class='ocrx_word' id='word_1_97' title='bbox 953 2100 1130 2207; x_wconf 85' lang='lat' dir='ltr'>pflafium</span> <span class='ocrx_word' id='word_1_98' title='bbox 1163 2102 1418 2185; x_wconf 87' lang='lat' dir='ltr'>intercedente</span> <span class='ocrx_word' id='word_1_99' title='bbox 1453 2104 1658 2191; x_wconf 88' lang='lat' dir='ltr'>obtinentis</span> <span class='ocrx_word' id='word_1_100' title='bbox 1673 2134 1745 2219; x_wconf 81' lang='lat' dir='ltr'>per</span> <span class='ocrx_word' id='word_1_101' title='bbox 1778 2136 1883 2199; x_wconf 82' lang='lat' dir='ltr'>nrum</span> <span class='ocrx_word' id='word_1_102' title='bbox 1915 2122 1988 2192; x_wconf 64' lang='lat' dir='ltr'>rw</span> <span class='ocrx_word' id='word_1_103' title='bbox 2010 2097 2062 2216; x_wconf 74' lang='lat' dir='ltr'>§ph</span> 
     </span>
     <span class='ocr_line' id='line_1_14' title="bbox 801 2219 2064 2332; baseline 0.009 -25"><span class='ocrx_word' id='word_1_104' title='bbox 801 2219 912 2323; x_wconf 82' lang='lat' dir='ltr'>huius</span> <span class='ocrx_word' id='word_1_105' title='bbox 942 2224 1105 2331; x_wconf 84' lang='lat' dir='ltr'>dantur,</span> <span class='ocrx_word' id='word_1_106' title='bbox 1135 2242 1177 2320; x_wconf 85' lang='lat' dir='ltr'>et</span> <span class='ocrx_word' id='word_1_107' title='bbox 1208 2250 1277 2332; x_wconf 85' lang='lat' dir='ltr'>per</span> <span class='ocrx_word' id='word_1_108' title='bbox 1311 2226 1624 2323; x_wconf 64' lang='lat' dir='ltr'>iudanondane</span> <span class='ocrx_word' id='word_1_109' title='bbox 1654 2234 1855 2323; x_wconf 77' lang='lat' dir='ltr'>inclinatio</span> <span class='ocrx_word' id='word_1_110' title='bbox 1883 2239 1983 2323; x_wconf 83' lang='lat' dir='ltr'>diund</span> <span class='ocrx_word' id='word_1_111' title='bbox 2015 2232 2064 2319; x_wconf 83' lang='lat' dir='ltr'>So</span> 
     </span>
     <span class='ocr_line' id='line_1_15' title="bbox 799 2350 2064 2473; baseline 0.009 -41"><span class='ocrx_word' id='word_1_112' title='bbox 799 2350 845 2463; x_wconf 70' lang='lat' dir='ltr'>lje</span> <span class='ocrx_word' id='word_1_113' title='bbox 874 2351 922 2435; x_wconf 91' lang='lat' dir='ltr'>ad</span> <span class='ocrx_word' id='word_1_114' title='bbox 952 2353 1173 2462; x_wconf 80' lang='lat' dir='ltr'>eclipticam</span> <span class='ocrx_word' id='word_1_115' title='bbox 1205 2368 1247 2433; x_wconf 85' lang='lat' dir='ltr'>et</span> <span class='ocrx_word' id='word_1_116' title='bbox 1294 2370 1542 2464; x_wconf 82' lang='lat' dir='ltr'>aequatotem</span> <span class='ocrx_word' id='word_1_117' title='bbox 1593 2360 1846 2455; x_wconf 85' lang='lat' dir='ltr'>detemrinata</span> <span class='ocrx_word' id='word_1_118' title='bbox 1889 2367 1958 2473; x_wconf 83' lang='lat' dir='ltr'>eli,</span> <span class='ocrx_word' id='word_1_119' title='bbox 1994 2362 2064 2445; x_wconf 85' lang='lat' dir='ltr'>iul·</span> 
     </span>
     <span class='ocr_line' id='line_1_16' title="bbox 799 2481 2064 2605; baseline 0.008 -44"><span class='ocrx_word' id='word_1_120' title='bbox 799 2481 970 2570; x_wconf 85' lang='lat' dir='ltr'>notiones</span> <span class='ocrx_word' id='word_1_121' title='bbox 999 2482 1207 2579; x_wconf 89' lang='lat' dir='ltr'>earundem</span> <span class='ocrx_word' id='word_1_122' title='bbox 1255 2482 1302 2567; x_wconf 91' lang='lat' dir='ltr'>ad</span> <span class='ocrx_word' id='word_1_123' title='bbox 1348 2481 1569 2591; x_wconf 78' lang='lat' dir='ltr'>eclipticam</span> <span class='ocrx_word' id='word_1_124' title='bbox 1618 2514 1768 2603; x_wconf 85' lang='lat' dir='ltr'>qnoque</span> <span class='ocrx_word' id='word_1_125' title='bbox 1799 2514 1838 2581; x_wconf 87' lang='lat' dir='ltr'>et</span> <span class='ocrx_word' id='word_1_126' title='bbox 1884 2512 2064 2605; x_wconf 85' lang='lat' dir='ltr'>aequtonen</span> 
     </span>
     <span class='ocr_line' id='line_1_17' title="bbox 799 2608 2065 2731; baseline 0.008 -42"><span class='ocrx_word' id='word_1_127' title='bbox 799 2609 948 2716; x_wconf 74' lang='lat' dir='ltr'>eiusque</span> <span class='ocrx_word' id='word_1_128' title='bbox 979 2608 1178 2717; x_wconf 77' lang='lat' dir='ltr'>parallelos</span> <span class='ocrx_word' id='word_1_129' title='bbox 1209 2630 1348 2711; x_wconf 80' lang='lat' dir='ltr'>omnes</span> <span class='ocrx_word' id='word_1_130' title='bbox 1379 2610 1485 2698; x_wconf 90' lang='lat' dir='ltr'>nullo</span> <span class='ocrx_word' id='word_1_131' title='bbox 1514 2616 1674 2723; x_wconf 85' lang='lat' dir='ltr'>negotio</span> <span class='ocrx_word' id='word_1_132' title='bbox 1690 2622 1885 2709; x_wconf 87' lang='lat' dir='ltr'>dabuntur.</span> <span class='ocrx_word' id='word_1_133' title='bbox 1940 2620 2065 2731; x_wconf 81' lang='lat' dir='ltr'>Denique</span> 
     </span>
     <span class='ocr_line' id='line_1_18' title="bbox 800 2733 2065 2864; baseline 0.009 -52"><span class='ocrx_word' id='word_1_134' title='bbox 800 2734 861 2841; x_wconf 77' lang='lat'>4¹⁰</span> <span class='ocrx_word' id='word_1_135' title='bbox 905 2733 1000 2816; x_wconf 86' lang='lat' dir='ltr'>datis</span> <span class='ocrx_word' id='word_1_136' title='bbox 1031 2759 1102 2841; x_wconf 90' lang='lat' dir='ltr'>per</span> <span class='ocrx_word' id='word_1_137' title='bbox 1130 2734 1238 2841; x_wconf 89' lang='lat' dir='ltr'>supra</span> <span class='ocrx_word' id='word_1_138' title='bbox 1271 2736 1373 2819; x_wconf 74' lang='lat' dir='ltr'>diddo</span> <span class='ocrx_word' id='word_1_139' title='bbox 1406 2738 1454 2822; x_wconf 88' lang='lat' dir='ltr'>ad</span> <span class='ocrx_word' id='word_1_140' title='bbox 1486 2758 1666 2851; x_wconf 85' lang='lat' dir='ltr'>tempora</span> <span class='ocrx_word' id='word_1_141' title='bbox 1694 2748 1852 2837; x_wconf 89' lang='lat' dir='ltr'>duamm</span> <span class='ocrx_word' id='word_1_142' title='bbox 1875 2746 2065 2864; x_wconf 84' lang='lat' dir='ltr'>qtunnmlibet</span> 
     </span>
     <span class='ocr_line' id='line_1_19' title="bbox 798 2854 2065 2976; baseline 0.013 -35"><span class='ocrx_word' id='word_1_143' title='bbox 798 2854 1106 2950; x_wconf 70' lang='lat' dir='ltr'>obstructionum</span> <span class='ocrx_word' id='word_1_144' title='bbox 1140 2856 1299 2972; x_wconf 77' lang='lat' dir='ltr'>phaseor</span> <span class='ocrx_word' id='word_1_145' title='bbox 1328 2863 1512 2962; x_wconf 84' lang='lat' dir='ltr'>distantiis</span> <span class='ocrx_word' id='word_1_146' title='bbox 1528 2892 1765 2962; x_wconf 76' lang='lat' dir='ltr'>,centromm</span> <span class='ocrx_word' id='word_1_147' title='bbox 1783 2879 1903 2966; x_wconf 89' lang='lat' dir='ltr'>Lunae</span> <span class='ocrx_word' id='word_1_148' title='bbox 1936 2894 1969 2961; x_wconf 87' lang='lat' dir='ltr'>et</span> <span class='ocrx_word' id='word_1_149' title='bbox 1984 2871 2065 2976; x_wconf 80' lang='lat' dir='ltr'>Sola,</span> 
     </span>
     <span class='ocr_line' id='line_1_20' title="bbox 798 2987 2068 3121; baseline 0.008 -46"><span class='ocrx_word' id='word_1_150' title='bbox 798 3011 889 3076; x_wconf 82' lang='lat' dir='ltr'>cum</span> <span class='ocrx_word' id='word_1_151' title='bbox 908 2987 1207 3090; x_wconf 81' lang='lat' dir='ltr'>inclinationibus</span> <span class='ocrx_word' id='word_1_152' title='bbox 1238 2996 1448 3096; x_wconf 77' lang='lat' dir='ltr'>earumdem</span> <span class='ocrx_word' id='word_1_153' title='bbox 1484 2999 1531 3084; x_wconf 89' lang='lat' dir='ltr'>ad</span> <span class='ocrx_word' id='word_1_154' title='bbox 1573 3000 1797 3112; x_wconf 88' lang='lat' dir='ltr'>eclipticam</span> <span class='ocrx_word' id='word_1_155' title='bbox 1829 3005 2068 3121; x_wconf 75' lang='lat' dir='ltr'>pannumque,</span> 
     </span>
     <span class='ocr_line' id='line_1_21' title="bbox 781 3112 2067 3240; baseline 0.014 -46"><span class='ocrx_word' id='word_1_156' title='bbox 781 3112 1044 3225; x_wconf 77' lang='lat' dir='ltr'>&#39;aequaturin-</span> <span class='ocrx_word' id='word_1_157' title='bbox 1066 3144 1138 3228; x_wconf 89' lang='lat' dir='ltr'>per</span> <span class='ocrx_word' id='word_1_158' title='bbox 1169 3137 1346 3206; x_wconf 89' lang='lat' dir='ltr'>centrum</span> <span class='ocrx_word' id='word_1_159' title='bbox 1385 3121 1484 3208; x_wconf 90' lang='lat' dir='ltr'>Solis</span> <span class='ocrx_word' id='word_1_160' title='bbox 1536 3135 1780 3240; x_wconf 82' lang='lat' dir='ltr'>temporibus</span> <span class='ocrx_word' id='word_1_161' title='bbox 1825 3136 2067 3221; x_wconf 73' lang='lat' dir='ltr'>obleniatiotnn</span> 
     </span>
    </p>
   </div>
   <div class='ocr_carea' id='block_1_3' title="bbox 632 3241 2081 3368">
    <p class='ocr_par' dir='ltr' id='par_1_3' title="bbox 632 3241 2081 3368">
     <span class='ocr_line' id='line_1_22' title="bbox 632 3241 2081 3368; baseline 0.008 -43"><span class='ocrx_word' id='word_1_162' title='bbox 632 3322 642 3335; x_wconf 76' lang='grc'><em>,</em></span> <span class='ocrx_word' id='word_1_163' title='bbox 805 3241 1060 3350; x_wconf 71' lang='lat' dir='ltr'>mansetmtes,</span> <span class='ocrx_word' id='word_1_164' title='bbox 1092 3247 1290 3356; x_wconf 73' lang='lat' dir='ltr'>positoque</span> <span class='ocrx_word' id='word_1_165' title='bbox 1322 3249 1414 3334; x_wconf 90' lang='lat' dir='ltr'>Sole</span> <span class='ocrx_word' id='word_1_166' title='bbox 1446 3251 1607 3343; x_wconf 81' lang='lat' dir='ltr'>inloto</span> <span class='ocrx_word' id='word_1_167' title='bbox 1638 3261 1791 3368; x_wconf 79' lang='lat' dir='ltr'>primae</span> <span class='ocrx_word' id='word_1_168' title='bbox 1822 3263 2081 3350; x_wconf 48' lang='lat' dir='ltr'>obseruationum¹</span> 
     </span>
    </p>
   </div>
   <div class='ocr_carea' id='block_1_4' title="bbox 687 3367 2074 4252">
    <p class='ocr_par' dir='ltr' id='par_1_4' title="bbox 687 3367 2074 4252">
     <span class='ocr_line' id='line_1_23' title="bbox 799 3367 2073 3500; baseline 0.021 -52"><span class='ocrx_word' id='word_1_169' title='bbox 799 3367 1103 3476; x_wconf 77' lang='lat' dir='ltr'>allumptatum,</span> <span class='ocrx_word' id='word_1_170' title='bbox 1136 3395 1217 3480; x_wconf 91' lang='lat' dir='ltr'>quo</span> <span class='ocrx_word' id='word_1_171' title='bbox 1244 3375 1297 3470; x_wconf 89' lang='lat' dir='ltr'>ad</span> <span class='ocrx_word' id='word_1_172' title='bbox 1329 3396 1482 3462; x_wconf 91' lang='lat' dir='ltr'>motum</span> <span class='ocrx_word' id='word_1_173' title='bbox 1515 3383 1593 3470; x_wconf 82' lang='lat' dir='ltr'>elus</span> <span class='ocrx_word' id='word_1_174' title='bbox 1632 3387 1811 3482; x_wconf 91' lang='lat' dir='ltr'>diurnum</span> <span class='ocrx_word' id='word_1_175' title='bbox 1848 3383 2073 3500; x_wconf 51' lang='lat' dir='ltr'>munandi-</span> 
     </span>
     <span class='ocr_line' id='line_1_24' title="bbox 731 3497 2072 3631; baseline 0.008 -51"><span class='ocrx_word' id='word_1_176' title='bbox 731 3583 734 3588; x_wconf 72' lang='grc'><strong>,</strong></span> <span class='ocrx_word' id='word_1_177' title='bbox 803 3517 929 3606; x_wconf 72' lang='lat' dir='ltr'>crem,</span> <span class='ocrx_word' id='word_1_178' title='bbox 963 3497 1189 3605; x_wconf 82' lang='lat' dir='ltr'>immobili,</span> <span class='ocrx_word' id='word_1_179' title='bbox 1220 3503 1371 3610; x_wconf 77' lang='lat' dir='ltr'>poffiunt</span> <span class='ocrx_word' id='word_1_180' title='bbox 1405 3507 1568 3596; x_wconf 85' lang='lat' dir='ltr'>inueniri</span> <span class='ocrx_word' id='word_1_181' title='bbox 1599 3515 1647 3602; x_wconf 86' lang='lat' dir='ltr'>ad</span> <span class='ocrx_word' id='word_1_182' title='bbox 1680 3511 2072 3631; x_wconf 70' lang='lat' dir='ltr'>tempusntn&#39;usqueolo</span> 
     </span>
     <span class='ocr_line' id='line_1_25' title="bbox 801 3622 2072 3760; baseline 0.017 -54"><span class='ocrx_word' id='word_1_183' title='bbox 801 3622 1014 3723; x_wconf 84' lang='lat' dir='ltr'>seruationis</span> <span class='ocrx_word' id='word_1_184' title='bbox 1042 3626 1272 3714; x_wconf 69' lang='lat' dir='ltr'>differentiae</span> <span class='ocrx_word' id='word_1_185' title='bbox 1304 3635 1593 3730; x_wconf 85' lang='lat' dir='ltr'>declinationum</span> <span class='ocrx_word' id='word_1_186' title='bbox 1628 3641 1944 3760; x_wconf 71' lang='lat' dir='ltr'>ascensionumqn‘e</span> <span class='ocrx_word' id='word_1_187' title='bbox 1985 3641 2072 3727; x_wconf 76' lang='lat' dir='ltr'>redo·</span> 
     </span>
     <span class='ocr_line' id='line_1_26' title="bbox 801 3756 2072 3877; baseline 0.02 -46"><span class='ocrx_word' id='word_1_188' title='bbox 801 3777 890 3839; x_wconf 85' lang='lat' dir='ltr'>rum</span> <span class='ocrx_word' id='word_1_189' title='bbox 921 3777 993 3836; x_wconf 89' lang='lat' dir='ltr'>nec</span> <span class='ocrx_word' id='word_1_190' title='bbox 1023 3778 1103 3836; x_wconf 91' lang='lat' dir='ltr'>non</span> <span class='ocrx_word' id='word_1_191' title='bbox 1136 3756 1374 3858; x_wconf 86' lang='lat' dir='ltr'>latitudinum</span> <span class='ocrx_word' id='word_1_192' title='bbox 1395 3764 1765 3877; x_wconf 74' lang='lat' dir='ltr'>¹et‘longitudinum</span> <span class='ocrx_word' id='word_1_193' title='bbox 1798 3779 1920 3864; x_wconf 83' lang='lat' dir='ltr'>Lunae</span> <span class='ocrx_word' id='word_1_194' title='bbox 1931 3795 1967 3858; x_wconf 89' lang='lat' dir='ltr'>et</span> <span class='ocrx_word' id='word_1_195' title='bbox 1981 3769 2072 3869; x_wconf 76' lang='lat' dir='ltr'>Solis,</span> 
     </span>
     <span class='ocr_line' id='line_1_27' title="bbox 802 3878 2074 4008; baseline 0.023 -49"><span class='ocrx_word' id='word_1_196' title='bbox 802 3898 842 3983; x_wconf 89' lang='lat' dir='ltr'>et</span> <span class='ocrx_word' id='word_1_197' title='bbox 874 3900 1004 3963; x_wconf 88' lang='lat' dir='ltr'>motus</span> <span class='ocrx_word' id='word_1_198' title='bbox 1021 3878 1154 3984; x_wconf 85' lang='lat' dir='ltr'>Lunae</span> <span class='ocrx_word' id='word_1_199' title='bbox 1171 3910 1193 3968; x_wconf 90' lang='lat' dir='ltr'>a</span> <span class='ocrx_word' id='word_1_200' title='bbox 1209 3885 1301 3972; x_wconf 88' lang='lat' dir='ltr'>Sole</span> <span class='ocrx_word' id='word_1_201' title='bbox 1319 3908 1495 4001; x_wconf 88' lang='lat' dir='ltr'>tempore</span> <span class='ocrx_word' id='word_1_202' title='bbox 1510 3898 1613 3982; x_wconf 91' lang='lat' dir='ltr'>inter</span> <span class='ocrx_word' id='word_1_203' title='bbox 1629 3902 1901 3992; x_wconf 75' lang='lat' dir='ltr'>obseruaturos</span> <span class='ocrx_word' id='word_1_204' title='bbox 1916 3883 2074 4008; x_wconf 75' lang='lat' dir='ltr'>alumnos</span> 
     </span>
     <span class='ocr_line' id='line_1_28' title="bbox 687 4007 2073 4146; baseline 0.013 -60"><span class='ocrx_word' id='word_1_205' title='bbox 687 4065 691 4071; x_wconf 81' lang='lat'><em>-</em></span> <span class='ocrx_word' id='word_1_206' title='bbox 801 4007 1057 4113; x_wconf 68' lang='lat' dir='ltr'>interpedente</span> <span class='ocrx_word' id='word_1_207' title='bbox 1090 4013 1129 4096; x_wconf 92' lang='lat' dir='ltr'>in</span> <span class='ocrx_word' id='word_1_208' title='bbox 1163 4016 1333 4125; x_wconf 89' lang='lat' dir='ltr'>ecliptica</span> <span class='ocrx_word' id='word_1_209' title='bbox 1363 4037 1402 4102; x_wconf 89' lang='lat' dir='ltr'>et</span> <span class='ocrx_word' id='word_1_210' title='bbox 1444 4023 1624 4129; x_wconf 87' lang='lat' dir='ltr'>parallelo</span> <span class='ocrx_word' id='word_1_211' title='bbox 1671 4039 1877 4146; x_wconf 85' lang='lat' dir='ltr'>aequatoris</span> <span class='ocrx_word' id='word_1_212' title='bbox 1918 4055 1981 4144; x_wconf 90' lang='lat' dir='ltr'>per</span> <span class='ocrx_word' id='word_1_213' title='bbox 2013 4047 2073 4108; x_wconf 87' lang='lat' dir='ltr'>cen</span> 
     </span>
     <span class='ocr_line' id='line_1_29' title="bbox 802 4133 2072 4252; baseline 0.024 -30"><span class='ocrx_word' id='word_1_214' title='bbox 802 4150 903 4223; x_wconf 64' lang='lat' dir='ltr'>uum</span> <span class='ocrx_word' id='word_1_215' title='bbox 932 4133 1039 4239; x_wconf 78' lang='lat' dir='ltr'>Solia</span> <span class='ocrx_word' id='word_1_216' title='bbox 1065 4141 1103 4224; x_wconf 93' lang='lat' dir='ltr'>in</span> <span class='ocrx_word' id='word_1_217' title='bbox 1136 4143 1262 4252; x_wconf 88' lang='lat' dir='ltr'>prima</span> <span class='ocrx_word' id='word_1_218' title='bbox 1312 4146 1377 4234; x_wconf 91' lang='lat' dir='ltr'>illa</span> <span class='ocrx_word' id='word_1_219' title='bbox 1408 4146 1669 4240; x_wconf 86' lang='lat' dir='ltr'>obseruatione</span> <span class='ocrx_word' id='word_1_220' title='bbox 1719 4161 1918 4248; x_wconf 67' lang='lat' dir='ltr'>tranmnnte</span> <span class='ocrx_word' id='word_1_221' title='bbox 1963 4156 2072 4252; x_wconf 72' lang='lat' dir='ltr'>nuos,</span> 
     </span>
    </p>
   </div>
   <div class='ocr_carea' id='block_1_5' title="bbox 799 4259 2073 4395">
    <p class='ocr_par' dir='ltr' id='par_1_5' title="bbox 799 4259 2073 4395">
     <span class='ocr_line' id='line_1_30' title="bbox 799 4259 2073 4395; baseline 0.023 -52"><span class='ocrx_word' id='word_1_222' title='bbox 799 4259 976 4368; x_wconf 72' lang='lat' dir='ltr'>indeque.</span> <span class='ocrx_word' id='word_1_223' title='bbox 1007 4289 1255 4368; x_wconf 87' lang='lat' dir='ltr'>momentum</span> <span class='ocrx_word' id='word_1_224' title='bbox 1303 4277 1584 4368; x_wconf 64' lang='lat' dir='ltr'>coniunctionis</span> <span class='ocrx_word' id='word_1_225' title='bbox 1634 4291 1838 4378; x_wconf 88' lang='lat' dir='ltr'>mobilium</span> <span class='ocrx_word' id='word_1_226' title='bbox 1870 4294 1909 4378; x_wconf 91' lang='lat' dir='ltr'>in</span> <span class='ocrx_word' id='word_1_227' title='bbox 1928 4282 2073 4395; x_wconf 81' lang='lat' dir='ltr'>-eclptio</span> 
     </span>
    </p>
   </div>
   <div class='ocr_carea' id='block_1_6' title="bbox 788 4398 2074 4619">
    <p class='ocr_par' dir='ltr' id='par_1_6' title="bbox 788 4398 2074 4619">
     <span class='ocr_line' id='line_1_31' title="bbox 788 4398 2073 4619; baseline -0.008 -139"><span class='ocrx_word' id='word_1_228' title='bbox 788 4410 1071 4504; x_wconf 61' lang='lat' dir='ltr'>numquamne</span> <span class='ocrx_word' id='word_1_229' title='bbox 1103 4398 1203 4504; x_wconf 78' lang='lat' dir='ltr'>nisae</span> <span class='ocrx_word' id='word_1_230' title='bbox 1235 4403 1513 4534; x_wconf 78' lang='lat' dir='ltr'>determinati3</span> <span class='ocrx_word' id='word_1_231' title='bbox 1545 4413 1573 4504; x_wconf 87' lang='lat' dir='ltr'>li</span> <span class='ocrx_word' id='word_1_232' title='bbox 1601 4439 1758 4536; x_wconf 55' lang='lat' dir='ltr'>nempe,</span> <span class='ocrx_word' id='word_1_233' title='bbox 1772 4419 2073 4619; x_wconf 51' lang='lat' dir='ltr'>obpmpimp</span> 
     </span>
     <span class='ocr_line' id='line_1_32' title="bbox 823 4555 2074 4618; baseline 0.012 -15"><span class='ocrx_word' id='word_1_234' title='bbox 823 4589 834 4603; x_wconf 82' lang='lat'><em>.</em></span> <span class='ocrx_word' id='word_1_235' title='bbox 2050 4555 2074 4618; x_wconf 81' lang='lat' dir='ltr'>o</span> 
     </span>
    </p>
   </div>
   <div class='ocr_carea' id='block_1_7' title="bbox 0 0 2252 5892">
    <p class='ocr_par' dir='ltr' id='par_1_7' title="bbox 0 0 2252 5892">
     <span class='ocr_line' id='line_1_33' title="bbox 0 0 2252 5892; baseline 0 0"><span class='ocrx_word' id='word_1_236' title='bbox 0 0 2252 5892; x_wconf 95' lang='lat' dir='ltr'> </span> 
     </span>
    </p>
   </div>
  </div>
 </body>
</html>
