4475 5900
434 435 526 540 An
560 433 755 536 ancus
784 433 1162 540 attentarant.
1304 557 1311 568 ,
1433 474 1490 554 ιι
1613 567 1618 576 ,
1739 536 1745 545 .
1871 413 1880 420 ’

646 663 936 790 Scholion.
966 705 1019 786 2.
1198 755 1202 766 .

311 887 331 948 r
339 889 382 972 9.
418 859 523 956 Cum
542 867 781 958 ostendiffem
806 869 1013 958 formulam
1047 857 1297 982 {unp-laq)
1327 884 1405 950 non
1435 863 1494 954 so·

163 993 250 1080 lum
290 992 571 1106 longitudinem
611 1025 746 1084 curuae
786 1001 829 1084 A
844 999 895 1088 Μ
937 996 1077 1083 enable
1109 996 1356 1108 exprimere,
1388 993 1417 1081 st
1448 1021 1495 1084 ea

168 1121 279 1207 luerit
309 1123 497 1234 circulus,
529 1125 591 1209 sed
622 1127 765 1235 etiam,
796 1127 1036 1216 lieuolutam
1067 1126 1206 1212 habeat
1235 1126 1459 1211 circularem
1478 1116 1514 1234 ,Ψ

165 1275 246 1335 non
276 1249 342 1337 abs
370 1277 412 1338 re
447 1254 520 1339 erit
548 1257 768 1368 inquirere,
815 1273 949 1343 utrum
995 1253 1096 1342 haec
1146 1254 1360 1365 proprietas
1408 1252 1491 1338 nul-

166 1375 211 1464 lis
243 1379 325 1465 aliis
354 1379 462 1466 lineis
492 1384 611 1469 cuntis
641 1399 851 1496 competat
919 1383 1029 1500 Quae
1060 1382 1299 1494 inuestigatio
1328 1407 1381 1467 eo
1410 1404 1495 1466 ma·
1686 1430 1689 1435 ·

165 1507 227 1618 gis
256 1508 325 1592 erit
356 1527 485 1595 notatu
516 1513 659 1623 digna,
692 1514 795 1626 quod
827 1513 911 1626 poll
941 1510 1132 1598 calculum
1167 1510 1252 1596 satis
1294 1510 1493 1622 prolixum

51 1693 58 1710 ·
166 1635 319 1722 tandem
334 1638 379 1724 ad
396 1639 707 1750 {impliciffimam
740 1641 965 1730 solutionem
997 1643 1201 1754 perducat,
1234 1662 1287 1720 ex
1303 1663 1382 1750 quo
1396 1637 1494 1723 forte

148 1787 250 1847 .non
282 1791 417 1875 patum
458 1767 551 1852 lucis
565 1771 676 1854 nobis
704 1773 929 1854 accendetur
969 1771 1017 1848 ad
1049 1771 1138 1846 alias
1153 1765 1388 1870 quaestiones
1400 1766 1499 1850 eius·

164 1889 259 1975 dem
290 1894 466 2002 generis,
509 1919 605 2006 quae
643 1892 733 1978 alias
769 1890 1017 1978 difficillimae
1052 1888 1175 1972 uideri
1213 1907 1384 1996 quant,
1425 1909 1498 1972 ex·

165 2017 297 2130 pedite
327 2015 531 2106 soluendae.
599 2020 716 2106 Vnde
745 2015 897 2131 seqttens
933 2014 1141 2131 problema
1171 2032 1252 2100 tarn
1289 2013 1344 2098 ob
1388 2037 1496 2125 prae·

164 2145 310 2228 sentem
328 2146 438 2231 usum
457 2213 470 2258 ,
486 2171 487 2174 ‘
502 2173 615 2264 quam
645 2147 699 2234 ob
728 2152 928 2263 propriam
958 2143 1192 2260 elegantiam
1222 2141 1260 2230 se
1288 2164 1492 2233 commen·

161 2273 256 2360 dare
284 2275 444 2362 videm.
895 2270 898 2276 ’

628 2396 941 2524 Problema.
984 2437 1038 2520 2.
1222 2495 1228 2506 .

307 2619 380 2685 20.
414 2598 594 2690 Inuenire
627 2628 763 2690 omnes
792 2629 925 2692 cunrat
963 2599 1063 2688 ΑΜ
1102 2597 1213 2687 huius
1242 2594 1415 2708 indolis,
1451 2577 1557 2684 nb*
1580 2594 1616 2666 θ’

161 2722 288 2813 dubiis
317 2730 468 2818 adeam
499 2734 733 2821 normalibus
762 2735 856 2824 AN
871 2801 885 2846 ‚
915 2731 1182 2841 M.N,curua
1211 2727 1309 2816 ΑΜ
1337 2723 1500 2840 aequalis

163 2854 211 2946 fit
242 2857 344 2942 arcui
373 2854 502 2948 circuli
543 2881 679 2950 centro
708 2863 754 2950 N
784 2865 894 2950 radio
923 2891 981 2950 z
1001 2874 1018 2965 ξ
1035 2853 1369 2990 (AN-entur)
1401 2855 1501 2944 intra

163 2984 290 3071 renas
319 2986 413 3075 AN
446 3007 486 3070 et
517 2990 617 3074 MN
650 2988 851 3101 descripto.
967 3056 969 3059 .

715 3166 953 3289 Soluti0.

308 3342 441 3431 Pofitis
479 3344 663 3433 nimirum
705 3345 800 3433 AN
817 3374 874 3433 z
884 3363 937 3462 p,
977 3340 1082 3431 ΜΝ
1096 3363 1222 3460 :43
1277 3358 1320 3429 et
1357 3343 1501 3458 angulo

56 3493 60 3501 '
165 3473 456 3587 ANsz,
489 3501 648 3589 arcuque
695 3475 970 3585 AOMzs,
1001 3493 1229 3587 quaeruntur
1257 3498 1502 3560 omnestur·

165 3631 245 3692 uae
278 3608 321 3689 in
352 3605 484 3717 quibus
514 3603 559 3689 fit
592 3630 676 3709 a:
695 3602 956 3721 golpa-pl.
1017 3603 1085 3690 Ad
1124 3628 1215 3714 quas
1258 3602 1501 3689 inueniendas

167 3759 221 3819 ex
238 3732 385 3847 ptmeto
419 3733 489 3845 ipli
518 3733 567 3819 Μ
586 3737 775 3845 proximo
803 3762 840 3819 m
856 3736 1011 3821 ducattn
1028 3731 1208 3817 normalis
1222 3756 1317 3840 mn,
1332 3732 1374 3815 in
1389 3756 1497 3815 eam·

169 3890 245 3975 que
277 3886 330 3947 ex
360 3861 406 3950 N
436 3861 751 3973 perpendiculum
782 3862 827 3949 N
853 3888 877 3951 r
899 3864 1150 3968 demittatur,
1180 3861 1235 3945 ob
1268 3858 1317 3947 Μ
1331 3859 1438 3951 N:
1456 3884 1495 3945 m

167 3991 274 4077 rerit
303 3993 505 4105 nrqu
535 4010 575 4075 et
609 3988 839 4107 andp.
899 3994 1025 4107 Quare
1056 4014 1146 4077 curn
1182 3988 1228 4075 lit
1269 3989 1422 4101 angulus
1453 3989 1496 4076 A

170 4145 304 4207 nm:
321 4122 518 4229 o-t-do,
544 4122 615 4204 etit
648 4128 899 4235 nrqu:
917 4108 1063 4237 dpcol
1081 4146 1111 4206 n
1132 4134 1171 4204 et
1201 4118 1408 4232 erdp
1424 4118 1492 4205 fin.

170 4275 217 4340 v·
286 4244 460 4334 Ducatnr
494 4249 627 4333 deinde
661 4250 751 4365 Np
788 4252 857 4361 ipsr
886 4276 954 4335 mn
986 4245 1194 4357 parallela,
1224 4246 1296 4332 erit
1328 4274 1365 4333 m
1383 4274 1420 4362 pt
1436 4273 1496 4330 .·::

172 4374 536 4493 erdpstno:
575 4395 615 4463 et
652 4379 716 4464 ob·
744 4377 927 4487 angulum
965 4375 1260 4493 MNptzdo
1302 4375 1501 4464 habebitur

743 4502 840 4593 Ba
1386 4502 1496 4619 Μμ
