4475 5900
800 557 894 642 250
991 536 1077 624 nt
1105 513 1522 627 Vannnrrloltn
1551 526 1932 630 PtanTAaVM

788 766 888 880 alias,
907 748 947 852 in
980 765 1214 852 difficillimis
1245 761 1519 878 quaestionibus
1567 763 1714 856 utiliter
1744 767 1784 852 in
1815 768 2011 858 subfidinm
2042 801 2114 864 tu-

786 917 923 1003 catur,
954 897 1020 980 lric
1052 895 1303 981 auxiliatrices
1333 919 1483 1006 manare
1514 894 1692 1004 praebere
1725 921 1858 984 manus
1885 901 2018 1012 posse,
2049 908 2112 994 nid

787 1027 905 1137 plane
934 1028 1096 1109 obliaret
1128 1022 1218 1107 huic
1249 1021 1352 1128 asylo
1378 1023 1685 1132 experimentum
1718 1028 1845 1110 modo
1873 1031 2019 1118 didam
2046 1039 2114 1144 X,

791 1155 833 1268 in
864 1177 940 1263 quo
968 1175 1100 1259 certe,
1134 1151 1161 1234 sr
1193 1152 1301 1234 tellus
1331 1151 1497 1234 radicem
1532 1151 1758 1238 attrahendo
1788 1155 1961 1243 deorsum
1993 1161 2114 1245 allice

787 1300 880 1394 κη
911 1281 1047 1367 eadem
1079 1281 1159 1363 iam
1191 1277 1287 1362 hanc
1328 1277 1463 1364 sutstlm
1502 1276 1651 1364 trahere
1691 1281 1900 1392 debuisset,
1952 1287 2007 1372 oh
2025 1315 2111 1374 «ma.

785 1409 911 1525 iorem
944 1391 1031 1527 illuc
1076 1397 1296 1516 dispositam
1345 1401 1538 1517 cupiam3
1570 1424 1611 1491 et
1642 1432 1800 1519 germen
1850 1413 2026 1502 &orsam
2058 1443 2112 1502 m-

785 1541 965 1658 pellere«,
996 1538 1099 1622 cuins
1126 1555 1257 1623 tamen
1291 1535 1525 1619 contrarium
1540 1597 1544 1604 -
1556 1537 1666 1644 plane
1699 1538 1848 1622 accidit.
1893 1531 2020 1630 ‘Cum
2045 1549 2113 1632 ita-

783 1692 857 1778 que
887 1666 984 1751 nihil
1014 1665 1139 1752 adhuc
1167 1663 1260 1748 berti
1290 1661 1440 1773 allegari
1473 1683 1615 1774 queat,
1649 1667 1749 1777 quod
1787 1666 2104 1777 phaenomenum

779 1793 859 1880 huc
891 1791 1229 1880 constantiffimum
1264 1789 1448 1876 illulltet:
1480 1792 1640 1876 dubium
1672 1794 1745 1878 elle
1762 1797 1917 1904 potest,
1960 1826 2018 1888 an
2034 1827 2111 1887 non

780 1925 874 2008 aliae
904 1942 1057 2035 praeter
1074 1917 1260 2037 cognitas
1287 1918 1478 2030 hucusque
1510 1923 1731 2030 mutans,
1765 1923 2026 2036 elallicitatin,
2057 1949 2110 2015 rt·

780 2052 1006 2168 tradionis,
1039 2054 1080 2133 in
1111 2067 1244 2166 natura
1272 2069 1401 2138 rernm
1432 2049 1569 2134 dentur
1598 2047 1728 2157 vires,
1761 2069 1807 2135 et
1833 2051 1934 2138 tales.
1954 2059 2107 2168 qutidem

777 2180 930 2288 etiam,
964 2207 1057 2293 quas
1084 2175 1269 2267 animales
1309 2199 1448 2262 vocare
1494 2171 1617 2260 licet?
1662 2179 1761 2262 dam
1807 2179 2103 2297 phaenomena,

777 2334 873 2422 quae
903 2311 952 2394 ab
985 2307 1058 2394 illis
1104 2309 1351 2419 dependent,
1398 2303 1591 2415 explicate
1629 2306 1801 2391 valemus
1847 2311 2103 2426 mechanica,

776 2459 874 2548 quae
906 2462 1000 2521 veru
1031 2438 1078 2520 ab
1110 2437 1198 2542 his,
1233 2435 1419 2519 nondum.
1482 2431 1551 2518 Est
1581 2434 1692 2519 enim
1720 2435 1800 2520 fine
1834 2439 1956 2524 dubio
1995 2443 2102 2555 plena

775 2566 915 2652 uirium
946 2585 986 2649 et
1016 2563 1241 2650 facultatum
1273 2581 1430 2668 namra,
1458 2585 1615 2674 (putum
1645 2559 1885 2672 pancillimaa
1928 2573 2101 2657 nouimus

777 2693 933 2798 adhuc,
964 2719 1037 2778 nec
1068 2692 1294 2779 sufficientes
1322 2689 1560 2803 explicandis
1588 2710 1649 2774 tot
1677 2714 1811 2776 rerum
1834 2695 2100 2807 varietatibus,

775 2839 872 2934 aptot
903 2822 1155 2934 conspicimus
1186 2820 1370 2933 quotidie.
1432 2819 1507 2904 llis
1536 2819 1649 2928 igitur
1678 2819 1765 2902 vim
1798 2823 2011 2910 animalem
2039 2829 2104 2913 ad·

770 2937 1003 3058 numerare,
1036 2953 1211 3037 nondum
1252 2968 1450 3059 tamquam
1482 2946 1645 3033 caullam
1698 2972 1829 3033 ueram
1880 2956 2100 3064 quandam,

770 3076 830 3166 sed
863 3102 1063 3193 tamqnam
1094 3106 1240 3165 nouam
1269 3076 1435 3187 aliquam
1463 3070 1673 3161 caussarum
1704 3077 1994 3185 incognitamm.
2013 3084 2094 3169 clas-

751 3206 877 3312 sem,
912 3234 1010 3318 quae
1038 3207 1198 3316 superari
1230 3206 1386 3290 taudem
1404 3202 1534 3313 polsrt
1562 3204 1700 3308 olim,
1729 3224 1773 3287 et
1799 3206 1922 3316 tedi'gi'
1945 3212 2001 3297 ad
2013 3238 2100 3297 me·-

766 3335 1010 3421 chanicarum
1041 3332 1347 3444 explicationum
1385 3330 1607 3437 ditionem,
1655 3332 1740 3441 quia
1767 3332 1825 3415 est
1853 3337 1923 3444 qui.
1968 3361 2095 3426 vetare

765 3458 916 3575 polin?
948 3462 1170 3571 praesertim
1202 3464 1244 3547 in
1278 3460 1493 3571 plantatum
1540 3458 1730 3571 republica
1777 3481 1818 3543 et
1835 3472 2093 3578 oeconomia,

761 3589 853 3704 q'tns
885 3585 1167 3702 campanella,
1196 3593 1242 3676 de
1257 3579 1367 3701 setfit
1395 3612 1554 3694 rerum,
1583 3589 1609 3671 l.
1648 3610 1709 3693 3,
1738 3591 1904 3698 appellat
1944 3601 2095 3681 anima·

755 3721 808 3807 lia
839 3720 1089 3827 immobilia,
1130 3720 1209 3803 vid.
1256 3714 1423 3830 Journal
1440 3718 1507 3801 des
1541 3717 1699 3802 navans
1717 3778 1735 3820 ,,
1766 3739 1920 3827 1737,
1959 3726 2089 3809 mense

756 3850 828 3937 Iul.
852 3838 1070 3960 'p.-41·'4;
1103 3848 1255 3958 qualem
1297 3844 1465 3931 frmilem
1514 3846 1597 3928 vim
1646 3844 1853 3931 animalem
1903 3848 2091 3963 chlerus

759 3982 957 4090 quondam
988 3976 1114 4061 telluri
1147 3976 1307 4084 tribuit,
1347 3976 1396 4061 ad
1428 3972 1686 4093 perficiendos.
1727 3975 1850 4059 cursus
1897 3974 2007 4090 suns,
2039 3984 2091 4068 ad

756 4102 966 4193 subetmd‘as'
990 4109 1220 4191 mutationes
1249 4102 1334 4189 suas.
1400 4104 1498 4217 Quis
1531 4106 1635 4187 enim
1670 4103 1747 4187 iam
1777 4128 1877 4189 nunc
1912 4110 2090 4217 explica·

756 4232 843 4340 bit,
884 4254 948 4319 aut
977 4233 1250 4320 demonstrabit
1300 4232 1553 4337 meclranice,
1603 4230 1781 4339 pullum,
1830 4237 2087 4323 recentissime

754 4380 834 4449 otro
862 4360 927 4442 suo
959 4364 1186 4472 exclusum,
1221 4362 1377 4466 statim,
1407 4362 1562 4471 propria
1595 4357 1654 4443 sun
1671 4356 1850 4443 Minerua
1874 4362 2087 4471 adiutum,

751 4494 911 4609 infiliere
956 4474 1120 4601 'pedibus
1149 4512 1191 4579 et
1223 4490 1400 4603 ngredi,
1451 4510 1523 4569 nec
1556 4502 1705 4571 tentare,
1751 4510 1925 4601 unquam
1969 4493 2095 4577 dorso
