4475 5900
765 392 831 491 40
895 349 1239 463 ranacario
1267 349 1557 455 rotonam
1583 359 1651 454 nt
1681 282 1956 454 onmem

768 596 921 686 vnum
939 589 1269 702 retardetur-ete
1308 590 1555 705 irpposrritita
1602 615 1654 679 ex
1681 590 1885 681 ntionibut
1914 592 1957 678 in
1989 585 2021 680 Ι.
2057 593 2109 683 e.'

767 723 970 840 allegatis;
1023 739 1075 834 vt
1098 725 1223 834 itaque
1263 723 1446 836 proxime
1477 722 1525 810 fit
1558 747 1687 829 veto,
1719 742 1864 808 veteres
1929 747 2108 834 geome-

768 871 844 940 tras
861 856 930 940 soli
947 853 1181 968 geometriae
1197 871 1359 936 attentos
1374 847 1478 937 firiffe
1497 850 1711 978 ,phyficae
1728 873 1859 937 autern
1900 855 2061 941 eandem
2088 923 2107 968 ,

766 982 838 1069 vbi
854 983 960 1070 iacile
977 985 1093 1066 etiam
1112 979 1196 1066 fieri
1213 981 1254 1068 id
1279 979 1459 1090 potuiffet
1474 1045 1486 1088 ,
1500 995 1582 1063 'non
1599 980 1824 1092 applicuiise.

812 1094 814 1104 ’
883 1115 921 1214 §.
944 1136 985 1194 a.
1017 1107 1329 1221 Subseqaentium
1360 1107 1497 1196 deinde
1512 1105 1724 1194 seculorum
1750 1108 1978 1222 perspicacia
1993 1177 2008 1222 ,
2026 1115 2102 1202 de-

767 1262 880 1326 mum
919 1241 1044 1325 maior
1083 1257 1251 1346 exorta,
1280 1236 1481 1323 oculorum
1509 1235 1632 1324 diuifit
1663 1236 1827 1348 officia,
1854 1238 2026 1351 iuffitqne
2050 1260 2102 1332 vt

766 1365 860 1454 alter
906 1368 1141 1481 geometriae
1190 1368 1333 1478 legibus
1380 1364 1426 1451 fit
1476 1365 1670 1476 intentus,
1722 1366 1816 1451 alter
1848 1393 1947 1454 vero
1961 1371 2099 1482 physi-

765 1519 831 1582 ete
862 1496 975 1583 simul
1005 1495 1103 1581 iussn
1132 1496 1289 1582 studeat.
1354 1492 1472 1578 Vnde
1501 1498 1601 1581 circa
1633 1495 1805 1583 medinm
1837 1495 1949 1582 seculi
1990 1499 2099 1587 deci·

766 1624 825 1708 mi
854 1627 977 1734 quinti
1027 1628 1187 1711 Ioannes
1225 1622 1535 1736 Regiamontanus
1567 1650 1749 1736 magnum
1779 1626 1969 1737 speculum
2020 1656 2098 1714 an-
2233 1654 2234 1709 ῑ

766 1751 896 1836 ordare
962 1753 1222 1865 parabolicum
1276 1754 1476 1839 caudicum
1543 1778 1596 1837 ex
1646 1756 1804 1839 metallo
1866 1755 2094 1845 corneum

552 1919 556 1924 ·
737 1882 982 1990 produxit,
1013 1883 1117 1992 quod
1151 1883 1325 1994 primum
1356 1881 1428 1965 fuit
1457 1882 1635 1966 omnium
1666 1885 1705 1967 in
1737 1876 1945 1971 Germania
1993 1885 2098 1974 tiso-

767 2033 884 2115 rum,
919 2010 1074 2092 testante
1107 2003 1299 2094 Celebetr.
1355 2010 1670 2125 Doppeimaiem,
1720 2012 1767 2098 de
1816 2011 2098 2108 mathematicis
2233 2040 2234 2051 ‘

767 2137 1128 2259 norittbargerffrbat,
1179 2139 1217 2218 in
1251 2141 1332 2222 vita
1365 2140 1702 2249 Regiomontani‚
1752 2169 1790 2254 p.
1828 2169 1903 2250 23.
1925 2172 2094 2232 necnon
2233 2144 2234 2209 t

766 2262 1007 2379 bibliotheque
1038 2269 1283 2376 germanique
1333 2269 1381 2350 ad
1417 2276 1552 2369 1736,
1586 2294 1625 2377 p.
1661 2287 1706 2370 7·
1723 2269 1853 2357 Postea
1872 2278 1992 2359 etiam
2016 2276 2076 2364 Vi
2233 2362 2234 2377 t

673 2389 687 2514 J
766 2393 893 2502 tellio,
934 2398 972 2478 in
997 2385 1260 2508 perspediiua,
1327 2397 1429 2480 edita
1479 2395 1749 2510 Norinbcrgae
1781 2425 1884 2485 anno
1938 2427 2022 2509 153
2030 2429 2093 2516 5,

764 2519 865 2606 libro
894 2519 991 2633 IX,
1040 2522 1165 2609 theor.
1199 2544 1294 2632 43,
1325 2521 1532 2610 luculenter
1561 2527 1750 2636 ostendit,
1780 2555 1850 2642 qna
1897 2535 2093 2622 rationea

765 2645 964 2760 superficie
1012 2649 1247 2762 speculorum
1298 2652 1600 2762 parabolicorum
1661 2657 1792 2768 ignem
1841 2659 2020 2769 poffibiie
2046 2664 2092 2751 fit
2233 2700 2234 2717 t

767 2779 935 2864 accendi.
1097 2780 1103 2794 '

883 2909 918 3011 §.
939 2935 981 3013 3.
1017 2901 1176 2993 Constat
1203 2909 1318 3021 igitur
1348 2909 1494 3019 hodie,
1527 2913 1657 3003 focum
1686 2914 1873 3005 taudem
1891 2935 1932 3004 et
1961 2919 2091 3033 phyfi-

766 3054 886 3142 cum,
920 3034 997 3120 hoc
1029 3035 1113 3144 eii,
1144 3038 1221 3121 tale
1254 3040 1440 3147 punitum
1459 3048 1773 3151 geometricum,
1806 3046 1843 3129 in
1859 3048 1961 3159 quod
1985 3055 2088 3139 radii
2233 3063 2234 3154 ἰ

765 3158 857 3245 lucis
887 3162 1010 3271 illapsi
1059 3179 1099 3243 et
1131 3187 1154 3244 a
1186 3182 1315 3248 natura
1346 3191 1482 3250 cumae
1531 3169 1686 3256 collecti
1705 3282 1711 3293 ·
1733 3175 1872 3318 ignem
1921 3180 2090 3268 excitare
2233 3267 2234 3276 a

766 3284 938 3397 possint,
969 3289 1050 3373 dari
1082 3288 1123 3372 in
1154 3290 1296 3376 duabus
1326 3293 1554 3382 sedionibus
1582 3302 1753 3411 conicis,
1786 3302 1962 3415 parabola
1979 3308 2101 3421 nem-J
2233 3315 2234 3342 ¹

767 3438 819 3523 pe
836 3438 879 3499 ac
897 3415 1017 3528 ellipsr
1036 3446 1048 3529 ·‚
1067 3442 1228 3528 cumque
1252 3423 1439 3533 punitum
1480 3423 1588 3537 hoc,
1623 3454 1675 3513 ex
1707 3434 1962 3519 concinnitate
1994 3464 2087 3549 geo·
2233 3525 2234 3548 Ν

766 3547 957 3655 metrica,
984 3546 1035 3631 ibi
1085 3548 1249 3658 positum
1299 3552 1344 3636 iit
1392 3554 1431 3635 in
1478 3581 1583 3666 axe,
1614 3557 1681 3642 vbi
1731 3561 1916 3671 applicata
1949 3567 2084 3650 ortho-
2132 3614 2139 3626 ·

765 3673 914 3783 gonalis
944 3696 1164 3787 parametro
1200 3702 1333 3766 curtae
1373 3682 1427 3767 est
1456 3686 1642 3796 aequalis:
1676 3686 1766 3774 hinc
1815 3688 1961 3776 fastum
2006 3695 2089 3806 est,
2233 3725 2234 3788 t

766 3815 814 3887 tt
850 3802 1024 3891 nudiores
1071 3804 1184 3917 aliqui
1215 3834 1266 3894 ex
1297 3810 1370 3897 hac
1418 3814 1651 3926 proprietate
1685 3816 1813 3902 focum
1847 3820 2089 3906 definiuerint
2233 3833 2234 3856 ¹

758 3952 836 4043 ,per
868 3933 1054 4044 punitum
1083 3956 1227 4039 axeos,
1261 3941 1302 4022 in
1334 3966 1412 4051 quo
1441 3944 1649 4030 ordinatim
1682 3946 1869 4057 applicata
1907 3973 2085 4065 aequatur
2233 4009 2235 4026 a

564 4050 565 4055 '
714 4080 1014 4171 parametro,
1046 4065 1279 4173 geometrice
1312 4072 1441 4177 potins
1470 4097 1584 4183 quarn
1634 4073 1823 4189 phyfice;
1856 4099 1968 4191 atque
1998 4084 2086 4167 dein
2233 4145 2234 4156 a

765 4182 988 4299 statuerint,
1018 4190 1216 4303 parabolas
1245 4214 1286 4279 et
1319 4194 1460 4310 ellipses
1507 4198 1712 4311 superiores
1742 4232 1893 4320 quoque
1917 4210 2001 4295 suos
2017 4212 2083 4297 ha-

762 4310 853 4397 bere
883 4311 1025 4433 socos;
1058 4323 1146 4434 quia
1180 4324 1365 4413 nimirm
1396 4330 1436 4416 in
1475 4332 1655 4417 omnibus
1702 4359 1836 4425 carran
1885 4340 2083 4557 geffiffi
2233 4423 2234 4436 a
