4475 5900
760 452 857 565 „a
1016 416 1021 423 ’
1134 432 1230 591 nu
1260 428 1482 539 suarna
1520 382 1795 533 narinus

873 672 1006 768 Oculis
1035 674 1077 763 in
1107 677 1331 764 continente
1360 695 1498 783 patum
1529 668 1691 777 talem,
1721 664 1866 755 naribtn
1897 688 1996 757 tero
2009 670 2074 759 acl·

758 812 921 899 modum
953 805 1098 915 sagaces
1128 806 1238 912 sunt,
1271 803 1360 887 hinc
1392 819 1430 884 et
1461 795 1616 884 aduerso
1644 794 1792 909 semper
1840 813 1964 882 uento
2012 824 2075 884 ue

759 940 842 1023 nari
871 936 1041 1042 debent,
1073 934 1222 1017 auribus
1252 930 1391 1042 pariter
1421 945 1551 1037 argute
1582 924 1750 1009 audiunt.
1785 918 1947 1009 Clamor
1964 926 2076 1013 lutra·

757 1092 844 1149 tum
879 1063 1020 1175 uagitui
1052 1058 1237 1145 mantum
1273 1055 1416 1169 prorsus
1447 1054 1576 1139 fimilis
1597 1052 1688 1176 esi,
1718 1055 1855 1164 absque
1871 1051 1994 1139 dubio
2019 1080 2076 1166 pn

759 1196 904 1278 multos
921 1217 1042 1275 annos
1070 1196 1230 1294 uiuunt,
1246 1189 1345 1271 rixas
1370 1209 1559 1296 nunquam
1589 1179 1685 1264 inter
1701 1181 1738 1265 se
1753 1181 1857 1265 alunt
1876 1246 1890 1287 ,
1906 1182 1969 1267 sed
1987 1186 2075 1267 arni·

756 1347 806 1404 ce
839 1324 1051 1405 admodum
1084 1322 1252 1404 inuicem
1285 1318 1429 1400 uiuunt.
1512 1310 1661 1396 Leones
1689 1329 1729 1394 et
1761 1308 1864 1394 ursos
1911 1313 2077 1397 marinos

631 1553 635 1561 Ι
754 1449 868 1534 ualde
918 1447 1214 1557 pertimescunt,
1266 1466 1335 1525 nec
1367 1443 1581 1551 phocarum
1630 1436 1860 1523 consortium
1921 1458 2075 1547 amant,

754 1574 845 1659 hinc
876 1595 916 1660 et
944 1574 1030 1659 loca
1058 1572 1120 1661 his
1166 1569 1389 1660 animalibus
1440 1568 1670 1681 siequentata
1703 1565 1751 1653 ab
1784 1570 1829 1655 iis
1857 1562 1982 1652 sedulo
2022 1570 2074 1657 ui-

764 1717 900 1791 uuor.
1065 1819 1071 1827 ἱ

874 1939 981 2050 Caro
1010 1961 1193 2049 lumnam
1224 1960 1438 2051 adultarum
1469 1957 1636 2048 multum
1669 1959 1833 2045 tenerior
1863 1972 1905 2040 et
1921 1953 2073 2073 sapidior

736 2090 969 2205 <phocarum
999 2114 1140 2195 carne,
1174 2092 1334 2201 praestat
1364 2090 1629 2175 soemellarum
1661 2110 1785 2197 caro,
1835 2092 2005 2217 tenerior
2041 2108 2074 2173 et

752 2218 961 2330 pinguior,
993 2218 1187 2327 pinguedo
1215 2232 1344 2301 autem
1376 2218 1469 2301 iuter
1509 2217 1787 2305 membranulas
1833 2218 2073 2325 continetur,

614 2360 625 2378 ’
694 2427 696 2434 .
753 2345 848 2434 hinc
879 2342 1104 2450 duriuscule,
1137 2342 1365 2449 consistens,
1397 2362 1537 2429 matres
1568 2362 1848 2455 praegnantes,
1879 2370 1960 2454 quo
1988 2372 2072 2455 pro

754 2477 883 2588 piotes
913 2475 1067 2583 partui,
1097 2494 1149 2555 eo
1177 2470 1420 2583 pinguiores:
1472 2472 1513 2556 in
1544 2494 1621 2581 quo
1654 2468 1824 2557 multum
1851 2495 1873 2555 a
1902 2474 2073 2559 tenesti-

752 2604 821 2692 bus
851 2601 1071 2683 animalibus
1099 2597 1306 2683 differunt:
1338 2598 1549 2683 candorum
1582 2621 1674 2683 caro
1701 2598 1961 2687 delicatiffima
1993 2602 2074 2710 est,

751 2751 824 2810 nec
853 2750 877 2809 a
907 2723 1079 2808 belantis
1109 2724 1252 2835 agnelli
1284 2749 1398 2810 carne
1427 2724 1535 2811 facile
1568 2726 1848 2835 dignoscenda,
1880 2728 1958 2813 sitae
1990 2728 2073 2815 all'u·

746 2871 785 2937 ta
815 2851 889 2936 stne
922 2851 1093 2959 einata,
1123 2848 1300 2937 iusculum
1333 2854 1474 2966 pariter
1504 2853 1553 2937 ab
1585 2854 1791 2940 elixatione
1808 2841 2073 2966 sapidissimum

747 2982 895 3066 euadit·
955 2979 1163 3065 Lutrarum
1193 3005 1285 3066 caro
1316 2985 1449 3093 potior
1478 2982 1585 3066 cibus
1614 2985 1742 3068 noller
1781 2983 1965 3070 ininsula
2001 2984 2071 3070 Be

597 3196 606 3209 ,
744 3111 856 3220 ringii
887 3127 997 3216 erat,
1029 3110 1119 3194 imo
1153 3110 1483 3196 medicamentum
1532 3110 1793 3218 uniuersale„
1821 3110 1934 3196 liutius
1962 3139 2073 3200 com·

746 3239 933 3321 meslioue
963 3260 986 3318 a
1036 3233 1211 3319 scotbuto
1240 3238 1414 3345 liberati,
1448 3263 1519 3322 nuc
1550 3238 1680 3324 onuba
1710 3264 1946 3351 quemquam
1987 3269 2074 3329 cor·

743 3363 891 3470 ripuit,
924 3362 1015 3444 licet
1046 3360 1124 3445 stne
1157 3377 1258 3471 pane
1288 3365 1458 3478 quotidie
1481 3367 1672 3452 interdum
1705 3365 1957 3454 semicntdam
2006 3397 2071 3456 co·

743 3487 1001 3574 meteremus
1062 3488 1199 3600 Epar,
1229 3517 1329 3601 cur,
1359 3517 1467 3578 renes
1496 3493 1625 3606 sapore
1656 3494 1748 3581 nibil
1780 3499 1987 3583 omninoa
2016 3503 2070 3586 ui

596 3692 598 3695 ,
740 3615 870 3701 tulinis
896 3615 1087 3702 differunt.
1149 3605 1320 3706 Gentiles
1348 3624 1389 3706 in
1420 3621 1689 3708 Kamtschatlsa
1724 3641 1764 3709 et
1794 3623 1980 3710 Kurillicis
2012 3632 2072 3712 in-

737 3741 824 3827 sulis
853 3745 1062 3856 aquilarum
1094 3750 1199 3832 carni
1231 3753 1378 3860 primas
1406 3751 1528 3857 dant,
1560 3751 1723 3837 altanum
1756 3752 1889 3838 locum
1908 3751 2071 3842 latrinae

741 3870 955 3987 affignant3
987 3875 1093 3984 Epat
1124 3891 1165 3959 et
1195 3901 1300 3961 renes
1348 3881 1462 3964 enada
1509 3881 1719 3967 comedunt
1769 3905 1814 3965 ac
1867 3879 2071 3994 bpidiffiua

737 3997 915 4087 instant:
972 4003 1082 4111 penis
1130 4000 1234 4088 fiulcri
1283 4005 1372 4088 ossei
1421 4005 1543 4090 tastua
1591 4025 1673 4094 mm
1720 4006 1901 4119 gentiles,
1948 4037 2068 4122 quarn

386 4101 390 4111 ’
458 4107 463 4116 ’
575 4162 579 4168 ·
740 4121 845 4207 Rulli
892 4145 1046 4217 utuntur
1092 4131 1137 4218 iu
1183 4129 1286 4224 sabra
1337 4132 1528 4248 tertiana,
1554 4155 1734 4254 tanqtnm
1773 4137 2071 4227 medicamento

727 4247 892 4359 moneo.

1755 4669 1761 4681 ¹
1917 4528 2068 4640 teus,
