4475 5900
583 612 586 640 2
758 549 849 649 aad
1097 534 1181 625 DE
1211 530 1431 629 namin
1462 528 1730 627 MARlNlS.
1872 568 1890 677 .-

873 766 990 853 Tibia
1019 782 1059 851 et
1075 764 1191 853 fibula
1222 764 1285 853 sub
1315 784 1401 851 cute
1432 762 1671 875 delitescunt,
1689 786 1760 847 nec
1777 756 1992 885 extrorsum
2011 783 2085 845 err·

755 893 949 1006 linantur,
979 894 1093 982 tarsus
1121 912 1216 982 vero
1245 914 1285 981 et
1316 892 1534 980 metatarsus
1565 890 1813 977 solummodo
1842 888 1958 975 libere
1991 914 2084 999 pro-

759 1027 911 1113 minent
940 1042 982 1109 et
1012 1023 1098 1137 pilis
1128 1044 1332 1136 teguntur,
1365 1022 1476 1133 digiti
1504 1040 1636 1107 autem
1673 1040 1714 1122 ς.
1750 1017 1863 1105 srmili
1892 1037 1980 1103 cute
2006 1018 2086 1129 gla-

651 1146 655 1153 ’
728 1151 830 1240 ’δη
858 1170 899 1237 et
928 1153 1053 1240 subtus
1080 1154 1227 1265 virgata
1255 1151 1524 1261 obduratur,
1556 1168 1601 1235 ut
1634 1147 1743 1259 digiti
1759 1148 1994 1232 anteriorum
2018 1171 2084 1258 pe

759 1282 890 1369 dum:
924 1260 1036 1394 digiti
1066 1289 1196 1368 autem
1229 1282 1398 1369 multum
1430 1279 1621 1389 longiores
1652 1274 1765 1384 sunt,
1797 1298 1913 1385 quam
1945 1275 1984 1358 in
2020 1300 2084 1359 an·

763 1408 963 1495 terioribus
992 1410 1181 1522 pedibus:
1216 1412 1381 1495 extimus
1412 1407 1550 1516 digitus
1564 1402 1700 1490 officio
1733 1401 2082 1516 pollicislitngens,

761 1538 878 1622 tertia
907 1553 1014 1648 parte
1044 1536 1194 1648 reliquis
1231 1536 1344 1624 latior
1390 1553 1430 1620 et
1459 1532 1630 1619 ciusdem
1662 1557 1752 1619 cnm
1788 1528 1953 1643 sequenti
2003 1529 2081 1615 lon-

761 1664 972 1777 gitudinis,
1004 1682 1079 1749 tres
1107 1664 1242 1779 reliqui
1273 1662 1442 1749 eiusdem
1471 1660 1701 1771 latitudinis,
1730 1656 1888 1746 infimus
1909 1682 2010 1743 uero
2024 1654 2083 1744 seu

756 1790 923 1878 'ultimus
953 1793 1121 1878 eiusdem
1150 1818 1242 1879 cum
1274 1788 1413 1905 pollice
1429 1790 1661 1899 hundinis,
1690 1804 1729 1873 at
1755 1786 1905 1899 reliquis
1939 1787 2082 1874 bretrior

763 1943 849 2005 uno
878 1919 1057 2033 pollice;
1089 1939 1250 2032 quatuor
1278 1918 1412 2032 reliqui
1442 1918 1643 2030 aequaliter
1671 1918 1779 2028 longi
1824 1913 1922 2001 sunt.
1995 1911 2084 2001 Sunt

763 2065 895 2133 autem
927 2047 1075 2158 pinnati
1106 2047 1224 2159 pedes
1253 2050 1294 2135 hi
1326 2045 1515 2133 tenuiores
1563 2046 1838 2152 anterioribus,
1868 2070 1915 2129 ac
1949 2044 2082 2157 digito·

763 2198 852 2260 tum
883 2172 1030 2258 articuli
1061 2175 1240 2283 latiores,
1271 2176 1458 2289 planiores
1506 2192 1549 2259 et
1580 2176 1801 2287 tenuiores3
1838 2172 1981 2260 irticuli
2005 2176 2082 2287 qui·

764 2300 859 2387 dem
890 2304 1167 2414 coniunguntur
1197 2322 1283 2389 cute
1315 2302 1472 2413 glabra,
1502 2302 1588 2417 poli
1621 2302 1800 2388 articulos
1830 2320 1993 2409 autem,
2022 2302 2083 2387 ubi

764 2428 972 2543 epiphysec
1000 2428 1261 2642 caffpugineae
1291 2432 1508 2544 incipiunt,
1538 2430 1654 2543 pedes
1684 2428 1822 2645 filiis
1851 2451 1899 2516 rt
1928 2432 1970 2516 in
2008 2430 2083 2543 pal-
2203 2514 2204 2537 q

767 2558 986 2670 mipedibus
1006 2584 1069 2645 aur
1095 2586 1138 2643 us
1160 2559 1270 2646 soluti
1294 2558 1396 2667 sum,
1413 2560 1584 2673 adeoque
1607 2560 1722 2671 pinna
1817 2584 1924 2646 rema
1949 2560 2080 2673 [quan
2203 2594 2204 2597 Ν

766 2702 853 2770 turn
877 2684 1142 2797 cartilaginea]
1158 2687 1198 2769 in
1219 2706 1261 2787 5.
1278 2687 1426 2772 lacinias
1449 2688 1585 2797 dinsa,
1603 2688 1840 2801 lingulaeque
1856 2688 2084 2803 cartilagines

764 2811 817 2896 ad
831 2811 946 2897 latera
976 2812 1202 2900 membrana
1219 2834 1430 2927 augentur,
1462 2833 1510 2900 tt
1541 2818 1583 2900 in
1613 2816 1770 2928 pedibus
1785 2817 2081 2927 colymbonrnr,

765 2938 870 3052 quod
900 2940 990 3028 ideo
1027 2938 1104 3053 lit,
1136 2962 1182 3030 ut
1213 2946 1391 3057 exigente
1423 2944 1636 3033 necesfitate
1668 2946 1829 3058 pinnam
1877 2946 2082 3053 diducere,
2202 2961 2203 2980 ¹

765 3070 923 3181 vimque
953 3095 1095 3182 eorpus
1125 3074 1366 3186 propellendi
1401 3074 1509 3160 cititrs
1536 3074 1579 3162 in
1628 3078 1732 3190 aquis
1762 3099 1929 3190 augere,
1981 3095 2083 3166 nata·

765 3212 927 3307 tumque
957 3199 1161 3286 accelerare
1195 3200 1348 3312 poliret.
1422 3199 1700 3290 Extremitates
1749 3202 1884 3290 harum
1934 3205 2083 3292 lacinia·

764 3347 853 3406 rum
887 3319 1136 3410 lubrotundae
1164 3326 1276 3433 sunt,
1308 3329 1448 3438 pariter
1478 3353 1523 3414 ae
1554 3329 1744 3443 superiora
1790 3334 2000 3444 digitorum
2031 3337 2086 3420 in-

591 3568 594 3574 Ι
767 3447 952 3558 terllitia,
984 3451 1052 3536 ubi
1083 3455 1181 3540 cutis
1211 3456 1251 3540 in
1283 3453 1431 3543 lacinias
1461 3457 1567 3544 abire
1581 3461 1717 3573 incipit
1733 3528 1746 3572 ‚
1763 3460 1971 3573 digitonrm
1991 3469 2086 3576 quis·

763 3600 838 3688 que
873 3596 917 3675 a.
950 3578 1109 3666 articulis
1138 3585 1307 3696 gaudet,
1347 3605 1512 3697 excepto
1550 3589 1719 3701 pollice,
1770 3591 1836 3703 qui
1884 3593 2012 3678 modo
2045 3617 2084 3678 a.

763 3705 940 3815 ducitur,
972 3711 1128 3795 tertium
1162 3737 1256 3800 uero
1285 3716 1347 3800 seu
1383 3736 1606 3805 extremum
1657 3716 1852 3807 articulum
1900 3745 2088 3834 qrremque

764 3835 901 3942 unguis
931 3836 1139 3950 praefinit,
1171 3841 1375 3954 oblongus,
1406 3865 1558 3957 acutus,
1589 3847 1745 3959 irperne
1777 3873 2004 3958 conurxrrs,
2030 3853 2088 3938 in·

763 3959 869 4046 seme
901 3984 1128 4054 excauatus:
1162 3993 1305 4079 ungues
1336 3972 1482 4082 pollicis
1511 3992 1551 4056 et
1582 3978 1709 4062 intimi
1737 3977 1848 4090 digiti
1878 3981 2088 4089 perpam,

766 4089 900 4174 nullius
925 4094 1041 4216 tiraq
1075 4097 1115 4178 in
1156 4097 1269 4184 tribus
1314 4101 1445 4188 mediis
1494 4103 1621 4218 digitis
1686 4107 1797 4190 unius
1843 4107 2090 4218 eiusdemque

762 4213 1009 4320 longitudinis
1040 4240 1080 4308 et
1112 4223 1315 4314 latitudinis
1343 4227 1452 4338 scrut,
1480 4230 1595 4343 inque
1632 4257 1705 4318 vna
1741 4231 1830 4318 strie
1881 4233 2089 4322 secundum

767 4338 1003 4464 latitudinem
1034 4352 1237 4466 locantur,
1269 4357 1484 4472 apophyses
1512 4379 1637 4448 autern
1673 4363 1937 4472 cartilagineae
1986 4364 2088 4450 ultra
2198 4429 2199 4446 l

765 4484 841 4570 110⁵
869 4491 1074 4586 quatuorue
1100 4483 1261 4599 pollices
1275 4485 1443 4581 hucdum
1478 4487 1726 4610 exporrecta
1755 4493 1895 4586 molles
1911 4513 1972 4616 et,
1991 4495 2090 4578 dum

1943 4621 2094 4712 animal
