4475 5900
674 425 873 631 ¹(etl
950 583 953 592 -

14 757 18 766 ·
140 755 271 831 totum
305 741 425 826 diem
471 735 538 824 rel
583 737 732 851 longius
781 741 1043 830 interuallum
1069 745 1234 832 eundem
1275 739 1458 834 effednm

135 870 409 1004 produceret
398 895 438 951 tn
471 868 731 978 refrigerandis
764 892 804 956 et
837 873 1087 958 califaciendis
1118 877 1320 985 peridem
1356 897 1460 974 tem·

133 1024 206 1108 pus
245 979 468 1108 corporibus
508 1023 552 1078 ac
594 1023 730 1084 ornnes
768 1003 899 1110 gradus
947 1000 1079 1086 diuersi
1123 1005 1260 1086 calor-is
1290 1001 1359 1087 fibi
1389 1027 1459 1112 per

27 1191 32 1200 .
132 1143 263 1210 toturn
304 1128 412 1210 diem
451 1123 528 1214 vel
553 1123 701 1234 longius
740 1128 983 1214 interuallum
1033 1114 1285 1219 succedentes.
1349 1130 1457 1214 Eum

129 1255 171 1336 in
190 1253 312 1336 finem
343 1279 396 1338 ex
413 1254 489 1362 legi
521 1253 758 1340 decrementi
789 1257 922 1342 caloris
954 1279 1063 1342 antea
1096 1261 1204 1368 data,
1237 1261 1324 1345 data
1356 1278 1457 1344 tern-

131 1407 241 1494 pene
282 1381 391 1466 fluidi
428 1381 565 1464 initiali
607 1403 649 1465 et
689 1388 777 1469 data
820 1388 1014 1496 temperie
1054 1389 1227 1472 eiusdem
1268 1388 1457 1472 diminute

131 1511 221 1620 post
259 1508 463 1594 delinitum
505 1515 691 1622 temporis
732 1514 1006 1622 intemnllum‚
1047 1515 1192 1600 didam
1224 1517 1467 1626 temperiem¹

130 1639 236 1722 a'e'ris
268 1640 444 1726 mediam
482 1664 615 1724 emere
654 1645 800 1726 docuit
865 1645 921 1728 Et
960 1644 1096 1729 deinde
1135 1627 1301 1726 ostendit
1316 1661 1454 1755 ,zquo

130 1770 255 1854 modo
286 1795 405 1881 aquae
437 1768 633 1852 calidae
621 1797 754 1880 ingens
786 1773 937 1875 moles,
974 1776 1042 1856 vel
1071 1771 1227 1854 feliciori
1258 1795 1346 1854 cum
1379 1769 1457 1852 foc·

128 1895 234 1982 ceffu
277 1895 457 1982 machina
495 1921 549 1980 ex
581 1894 683 1980 ferro
714 1917 754 1982 et
786 1915 946 2007 argento
976 1899 1071 1984 rino
1103 1914 1234 2005 parata
1266 1895 1355 1978 hui'c
1386 1893 1458 1985 fini

126 2025 253 2137 aptari
284 2025 422 2108 debeat
452 2022 480 2106 fi
511 2025 564 2108 de
590 2027 715 2108 media
747 2023 939 2134 temperie
972 2027 1073 2108 aeris.
1100 2047 1174 2134 per
1187 2019 1338 2132 longitls
1354 2041 1457 2140 tem·v

126 2156 232 2266 poris
272 2149 514 2238 intentallum
553 2150 736 2238 iudicium
778 2152 986 2238 ferendum.
1011 2151 1085 2234 est.

126 2400 175 2476 G.
206 2397 267 2476 W.
293 2399 572 2476 RICHMANNI
609 2403 675 2476 Dr}
702 2401 857 2480 MEDIA
883 2399 1172 2477 BAROMETRI
1199 2395 1454 2478 AL‘HTVDI·

146 2499 212 2580 NE
239 2500 470 2576 DEFlNlTO
503 2499 745 2578 TEMPORIS
782 2499 1100 2577 INTERVALLO
1132 2498 1433 2576 INVENlENDA

122 2601 230 2692 ΕΤ
269 2601 526 2680 MACHINAE
560 2600 686 2676 HVIC
727 2600 840 2674 VSVl
871 2592 1133 2678 APTANDAE
1167 2597 1417 2679 consucv-

492 2701 672 2780 ottone
682 2699 1067 2797 COGlTATlONES.

124 2885 283 3093 Quid
314 2899 463 2984 libide
495 2899 626 2985 lindio
658 2899 969 3011 meteorologico
1007 2897 1249 3011 perficiendo
1285 2893 1450 3010 promit·
1561 2893 1566 2903 '

233 3040 337 3103 tant
369 3024 520 3124 Physrci
551 3030 590 3104 id
621 3032 821 3103 neminem
854 3030 974 3127 latet,
1006 3031 1071 3128 qui
1103 3055 1243 3110 eorum
1276 3026 1453 3110 molimi-

121 3172 169 3231 na
209 3168 293 3231 tam
333 3149 519 3255 proxime
557 3144 685 3255 elapso
726 3169 841 3255 quam
872 3144 1099 3249 hodierno,
1142 3169 1221 3254 quo
1252 3149 1449 3257 vidimus,

122 3274 303 3383 soeculo,
343 3276 497 3385 cognita
537 3272 738 3357 habetne
780 3270 990 3382 perspecta.
1054 3269 1116 3356 Cl.
1152 3273 1450 3385 Richmnnnus,
1492 3342 1502 3359 ,

124 3406 185 3514 qui
227 3410 332 3489 inter
367 3403 441 3487 alin
482 3418 526 3485 et
563 3399 642 3485 hoc
684 3402 896 3485 studiorum
934 3426 1051 3515 genus
1089 3400 1157 3486 fibi
1190 3402 1449 3487 excolendum

123 3533 250 3617 sumfit
269 3600 291 3643 ,Ι
321 3534 535 3642 variisque,
574 3530 666 3641 quid
697 3529 780 3647 ¹hac
822 3528 862 3611 in
903 3555 946 3612 re
987 3530 1139 3615 humeri
1177 3532 1230 3613 sui
1263 3529 1450 3639 valeant,

124 3664 276 3745 emdito
327 3662 411 3745 orbi
458 3662 536 3743 iarn
574 3659 726 3745 dudum
766 3658 945 3741 testatum
994 3659 1099 3741 dedit
1140 3660 1450 3769 experimentis,

125 3790 450 3901 propofitionibus
487 3805 552 3873 aut
583 3786 789 3897 cogitatis,
828 3788 869 3869 in
902 3787 1024 3871 semel
1056 3806 1202 3897 coepto
1230 3786 1351 3869 stadio
1380 3788 1450 3869 de·

126 3942 276 4003 currere
317 3942 506 4027 pergens,
548 3940 690 3999 nouem
728 3914 954 4000 methodum
996 3917 1216 4024 proponit,
1248 3916 1449 4023 quomodo

126 4069 265 4130 omnes
294 4049 391 4130 a'e'ris
425 4044 629 4155 preffiones
667 4043 742 4128 fibi.
767 4064 875 4127 certo
916 4044 1108 4153 temporis
1144 4044 1356 4127 intentallo.
1371 4046 1449 4127 suc·

125 4176 303 4259 cedentes
339 4177 389 4257 in·
413 4200 533 4257 vnarn
572 4175 766 4258 summam
807 4172 960 4281 colligi,
991 4172 1114 4286 ficque
1144 4172 1297 4254 mediae
1336 4173 1458 4255 bero—-

126 4304 244 4383 metri
275 4296 527 4413 altitudines,
547 4305 663 4413 longe
695 4301 878 4387 exactius.
899 4326 1013 4412 quarn
1047 4320 1158 4404 antea
1174 4298 1345 4408 fastum,
1378 4301 1449 4382 de·

125 4425 226 4513 finiri
257 4430 411 4541 possint.

1295 4556 1447 4666 Propo·
