4475 5900
305 407 319 430 ‘
486 449 1119 570 obrenmunsture.
1172 445 1174 448 ·
1375 473 1466 576 μ,-

182 795 187 810 .
258 681 435 773 Dorium
464 685 724 800 inpinguibus
741 753 754 797 ,
771 686 896 802 quales
926 711 1020 776 uere
1042 703 1103 772 ’et
1139 683 1278 774 aeliam
1316 683 1419 794 sunt,
1450 713 1474 776 e

143 815 263 928 plano
295 817 453 903 modice
483 841 732 925 connexion,
761 817 907 925 hyeme
937 843 1065 926 uero,
1096 816 1252 930 quando
1270 814 1473 904 macilenta

140 945 244 1055 sunt,
276 945 434 1056 planum
465 965 506 1030 et
539 945 587 1028 ad
610 944 757 1057 spinam
784 947 882 1034 dorsi
913 948 1110 1058 utrimque
1139 945 1264 1030 'ueluti
1290 945 1381 1030 folia
1399 967 1475 1028 ex·

140 1094 351 1181 cariatum,
382 1099 460 1188 quo
490 1091 683 1184 tempore.
703 1099 841 1162 omues
868 1077 1067 1165 uertebrae
1096 1100 1189 1163 cum
1222 1075 1327 1188 spina
1372 1071 1473 1165 dotfi

142 1218 349 1316 apparent.
894 1289 899 1294 ,

260 1324 397 1413 Costae
445 1329 648 1442 utrimque.
672 1332 721 1420 ad
750 1330 905 1425 dorsum
953 1331 998 1416 in
1028 1329 1160 1422 arcum
1207 1329 1403 1418 elebantur
1432 1345 1474 1416 et

140 1454 210 1542 ubi
242 1455 424 1542 uertebris
451 1455 553 1544 dorsa
592 1483 665 1569 per
702 1457 1003 1570 ampliatione,
1023 1477 1069 1544 rt
1099 1461 1143 1546 iu
1180 1459 1361 1568 homine,
1386 1460 1472 1542 iun·

141 1602 313 1696 pinno,
343 1586 479 1684 denuo.
502 1611 607 1672 arcus
637 1613 750 1673 more
781 1584 958 1672 deorsum
990 1587 1187 1680 tendunt,
1216 1607 1257 1671 et
1288 1588 1328 1670 in
1347 1611 1399 1668 eo
1415 1585 1476 1669 lo·
1600 1602 1609 1614 ’

137 1737 191 1799 co
220 1715 433 1823 ruimque,
469 1713 537 1800 rbi
567 1716 753 1801 uertebris
779 1717 1001 1825 iunguntur,
1033 1713 1169 1804 fossam
1190 1713 1390 1830 duplicem
1418 1711 1476 1800 se·

136 1841 307 1928 cundum
342 1838 440 1925 dorsi
470 1838 746 1952 longitudinem
776 1840 999 1930 efformant.
1089 1878 1094 1887 ’

258 1971 301 2054 Α
333 1965 505 2054 vertebra
539 1979 615 2055 26.
639 1972 762 2056 vcauda
794 1973 934 2084 incipit
970 1990 1013 2060 et
1045 1991 1121 2076 ες.
1155 1967 1335 2062 uertebris
1375 1992 1474 2062 con·

139 2100 322 2186 tinuatur.
391 2091 519 2182 Cauda
549 2098 598 2183 ab
637 2122 714 2182 ano
746 2096 867 2184 verstri
898 2101 1057 2211 pinnam
1074 2099 1209 2188 sensim
1230 2117 1472 2208 attenuabo,

140 2254 225 2313 nou
256 2246 340 2312 tam
359 2225 492 2338 plana,
524 2249 639 2337 quam
660 2227 801 2338 potius
815 2229 950 2314 leuiter
966 2228 1218 2338 quadrangula
1234 2228 1287 2312 cll
1306 2293 1318 2335 ,
1337 2249 1472 2314 omnes

137 2357 281 2442 scilicet
312 2347 460 2439 caudae
479 2357 674 2439 uertebrae
705 2356 798 2438 duaa
826 2352 1027 2465 epiphyles
1041 2374 1083 2438 et
1111 2382 1156 2456 4.
1189 2353 1379 2464 procellos
1403 2353 1474 2439 lra-

140 2485 236 2571 bent
254 2549 266 2593 ,
284 2484 383 2568 inter
419 2500 515 2591 quos
529 2479 716 2593 procellis
730 2479 898 2566 laterales
928 2480 1023 2591 lati,
1053 2480 1162 2593 plani
1195 2498 1236 2566 et
1251 2483 1358 2594 apice
1383 2479 1472 2570 refi-

141 2614 203 2700 mi
256 2615 371 2713 sunt,
419 2604 588 2718 superior
636 2611 804 2694 veroin
837 2605 952 2695 dorso
1004 2611 1069 2696 seu
1106 2608 1212 2722 spina
1259 2611 1473 2698 acuminati

140 2743 229 2847 est,
261 2737 445 2845 inferior,
480 2761 524 2825 os
554 2737 608 2823 est
638 2737 756 2826 latum
786 2738 952 2849 planum
983 2737 1108 2852 figura
1146 2738 1320 2824 Lamdae
1354 2731 1477 2824 Grae-

138 2893 312 2972 corum,
344 2866 422 2950 hoc
453 2866 695 2977 coniungitur
724 2867 878 2979 corpori
904 2869 1034 2953 costae
1061 2894 1130 2980 per
1146 2869 1322 2974 lineam,
1351 2892 1396 2953 ac
1413 2889 1476 2953 m-

140 2992 356 3087 bulb'ffimis
383 2994 599 3106 ligamentis
628 3012 670 3079 et
707 2996 920 3083 tendinibus
966 3021 1058 3081 curn
1098 2996 1168 3081 illo
1211 2994 1476 3081 confirmatur.

142 3123 310 3217 Musculi
356 3124 495 3207 caudae
552 3121 788 3235 quadruplici
830 3122 958 3234 politu
1003 3124 1185 3211 cauitatcs
1230 3120 1300 3211 bas
1348 3140 1476 3209 uertu-

143 3257 301 3343 brarom
335 3265 374 3335 et
406 3248 563 3371 angulos
593 3250 690 3335 inter
718 3246 918 3363 ‚procerus
952 3250 1152 3363 implent,
1202 3250 1304 3363 vnde
1352 3248 1477 3337 cauda

142 3386 227 3499 ipfia
257 3378 427 3492 quadrati
457 3377 647 3489 oblongi,
676 3377 916 3489 obtusaoguli
946 3376 1117 3467 fonuam
1142 3374 1390 3465 ‘nancistitun

267 3505 399 3595 Cruda
429 3510 618 3619 reliquum
646 3508 788 3617 cmlii,
818 3506 1072 3617 ualidiffima,
1106 3508 1224 3619 pinna
1252 3509 1358 3619 nigra
1406 3504 1474 3591 du-

147 3638 323 3744 tissima,
355 3636 475 3745 rigida
506 3634 759 3748 praefinitur,
790 3660 868 3720 non
899 3638 941 3719 in
974 3638 1096 3723 radios
1124 3631 1237 3721 diuib
1257 3700 1270 3742 ‚
1287 3634 1350 3719 sed
1382 3657 1478 3717 eon·

145 3773 287 3876 tinua,
315 3762 510 3851 substantio
542 3766 654 3850 collis
685 3765 914 3851 balennmm
952 3764 1116 3849 sartoriis
1150 3761 1310 3869 similis,
1357 3764 1478 3845 adeo·

147 3922 226 4010 que
255 3920 311 3982 ex
342 3896 460 3981 meris
487 3894 650 3981 lamellis
676 3893 745 3979 libi
771 3894 942 3979 inuicem
975 3891 1314 3999 incumbentibus,
1351 3886 1478 3975 ueluti

149 4028 273 4111 unico
302 4028 487 4111 continuo
518 4021 630 4109 nlicere
659 4024 820 4110 constat.
883 4023 1004 4109 Pinna
1028 4023 1129 4108 :baec
1163 4020 1369 4107 adunam
1402 4016 1477 4101 do·

149 4156 327 4243 drentem
377 4158 428 4239 ab
459 4153 707 4263 extremitate
754 4154 879 4237 lacera
926 4153 979 4239 cli
1018 4170 1059 4239 et
1106 4146 1317 4237 rudioribus
1365 4146 1479 4233 aristis

77 4278 105 4322 ⁹
148 4284 315 4371 aristatas
345 4281 639 4392 qrrodammodo
671 4278 830 4391 piscium
864 4280 997 4395 pinnas
1026 4279 1185 4367 obscure
1214 4276 1338 4365 nerem
1388 4276 1477 4362 Pin.-

151 4437 208 4500 ua
235 4412 313 4521 ipb
344 4414 505 4497 caudrm
538 4407 769 4521 praefiniens
798 4425 875 4513 78·
904 4410 1060 4529 pollices
1090 4406 1168 4495 lata
1196 4407 1258 4495 seu
1280 4406 1395 4515 louge
1413 4410 1480 4503 7³³·

220 4540 263 4627 T
262 4563 348 4628 om.
366 4537 424 4626 11.
442 4538 555 4629 Nou.
575 4533 805 4631 Commcut.
1078 4534 1178 4657 Qq
1369 4526 1484 4645 polli-
