4475 5900
570 472 575 481 '
758 508 855 597 aro
945 438 952 449 ’
1022 548 1026 553 ,
1090 478 1174 571 na
1205 469 1419 571 aarum
1452 463 1729 571 Mantum.
1825 458 1856 509 ’ἲ

758 716 882 807 multa
914 709 1034 801 millia
1063 712 1103 796 in
1135 711 1246 798 btnre
1277 733 1353 796 rna
1385 693 1556 815 iaceant,
1593 702 1746 819 semper
1776 716 1912 787 tamen
1954 698 1996 788 in
2027 698 2090 789 fa·

758 848 886 935 milies
920 840 1103 930 distributi
1141 864 1274 952 greges
1311 857 1543 941 cemuumr,
1573 860 1658 920 mus
1686 832 1825 917 scilicet
1873 853 1962 916 cum
2012 830 2091 919 suis

751 968 946 1062 foemellis
974 970 1064 1055 liliis
1090 987 1135 1053 et
1163 968 1310 1053 filiabus
1339 990 1412 1050 uua
1443 967 1567 1048 iacent
1596 980 1639 1046 vt
1666 983 1706 1045 et
1724 958 1796 1047 filii
1813 961 1958 1068 auntti,
1982 984 2090 1047 nnu-

758 1104 853 1185 dtun
884 1119 1124 1207 gynaeceum
1170 1098 1320 1207 adepti.⁸
1378 1095 1466 1179 Vna
1499 1092 1606 1203 saepe
1654 1086 1804 1174 familia¹
1826 1090 1875 1174 ad
1909 1110 2014 1173 ano.
2051 1084 2087 1177 se

759 1227 967 1332 extendit,
1017 1223 1090 1310 luc
1119 1223 1413 1311 senonensium
1448 1219 1616 1307 inmari
1663 1216 1886 1306 catenatim
1936 1236 2085 1305 nsunt.

759 1354 915 1442 Omnes
950 1356 1121 1437 ¹uxorati
1178 1352 1349 1439 huetium
1409 1350 1536 1461 tegeri
1582 1348 1698 1451 sunt,
1749 1336 1851 1432 senes
1897 1370 2001 1431 vert)
2046 1366 2086 1433 et

758 1483 909 1570 veneris
958 1481 1143 1566 militiam
1184 1479 1333 1565 emeriti
1372 1479 1437 1563 vel
1485 1476 1745 1587 impotentia,
1794 1476 1859 1560 rel
1908 1498 2083 1562 uonna

758 1609 968 1720 spontaneo
1007 1608 1175 1692 diuortio
1211 1606 1369 1709 coacti,
1400 1603 1678 1691 monasticam
1703 1600 1825 1689 uitam
1858 1626 2006 1715 agunt,
2036 1624 2085 1689 ac

741 1735 948 1825 ‘continuo
982 1730 1119 1825 iamne
1150 1758 1195 1819 ac
1236 1732 1362 1818 inedia
1393 1732 1610 1843 tranfigunt.
1676 1730 1729 1815 lli
1760 1732 1941 1818 omnium
1996 1734 2084 1845 pin·

757 1862 921 1981 guiffimi
939 1861 1021 1949 sumt
1037 1879 1216 1975 tanquam
1235 1860 1395 1975 hodaegi
1414 1862 1585 1975 primum
1615 1878 1801 1945 renenmt
1831 1860 1969 1974 absque
2000 1861 2084 1945 ibe·

757 1992 884 2082 mellis
914 1989 1103 2098 lolitarii,
1133 2014 1270 2075 omues
1301 2014 1425 2077 mares
1466 2007 1505 2073 et
1535 1986 1692 2102 peffime
1725 1988 1873 2075 olentes
1907 1991 1949 2074 in
1983 1988 2085 2077 bruc

755 2111 926 2211 innam
991 2118 1046 2205 Hi
1077 2116 1180 2203 senes
1209 2117 1356 2205 morofi
1386 2114 1605 2202 ferocilsrmi
1648 2118 1756 2224 sum,
1793 2142 1863 2228 per
1886 2116 2083 2229 integrum

756 2246 932 2339 menbm
974 2244 1016 2329 iu
1045 2269 1130 2330 vno
1157 2245 1249 2331 loco
1296 2240 1433 2358 absque
1464 2242 1548 2329 ullo
1577 2244 1666 2330 cibo
1695 2265 1737 2331 et
1770 2266 1866 2357 pont
1912 2249 2082 2357 uiuunt,

756 2377 947 2463 continno
975 2375 1177 2462 dormiunt
1206 2398 1250 2460 ac
1282 2375 1323 2461 in
1369 2390 1642 2489 praetereunte
1678 2398 1819 2461 omnes
1854 2372 2084 2461 fetuciffime

756 2502 952 2613 fuerumt,
983 2527 1103 2617 respue
1133 2504 1232 2593 adeo
1261 2502 1402 2589 fermus
1432 2528 1475 2589 ac
1506 2502 1696 2589 ambitioli
1726 2501 1839 2612 sunt,
1870 2524 1912 2589 rt
1940 2503 2084 2591 centies

757 2635 1013 2739 morirentur,
1044 2654 1164 2743 quarn
1195 2630 1260 2717 stro
1288 2630 1380 2719 loco
1409 2630 1616 2743 cederent3
1647 2628 1736 2717 binc
1777 2632 1940 2719 bomine
1989 2657 2082 2719 nou-

753 2760 890 2906 lpedto
939 2758 1096 2843 muium
1146 2757 1199 2847 illi
1237 2778 1328 2845 etant
1357 2786 1380 2847 a
1414 2760 1477 2845 sia
1524 2756 1799 2873 prohibentes,
1846 2761 2083 2874 reliquorum
2211 2816 2212 2829 ι

754 2887 914 3004 quisque
940 2882 1049 2974 snum
1080 2885 1209 2974 Ιοωιη
1263 2890 1404 2976 interea
1428 2906 1594 3036 occupat
1630 2906 1778 3002 paratus
1810 2888 1857 2976 ad
1893 2914 2082 3004 pugnam.

753 3017 847 3112 Nos
878 3035 1080 3130 propterea
1108 3015 1318 3106 neteliinte
1347 3017 1472 3105 madii
1504 3017 1611 3102 nam
1643 3019 1921 3134 prosequendi,
1960 3042 2084 3107 certa

755 3147 870 3238 mina
878 3169 970 3232 cum
988 3145 1156 3234 iisdem
1143 3148 1324 3233 rniuimus
1338 3149 1498 3260 grandes
1512 3145 1680 3293 lapidet
1668 3171 1709 3231 tn
1725 3147 1808 3233 ilius
1822 3150 2086 3260 conieeimus,

752 3273 809 3370 illi
841 3295 937 3359 vcro
965 3272 1008 3358 in
1038 3273 1257 3385 proiectum
1305 3275 1472 3387 lapidem
1518 3274 1622 3360 rania
1669 3274 1782 3364 instar
1830 3277 2086 3390 acuebant,

752 3403 877 3494 actius
905 3399 1115 3513 instabant,
1146 3427 1189 3516 ac
1219 3399 1413 3490 horrendo
1461 3403 1602 3490 barritu
1651 3407 1782 3490 a'e'rem
1834 3407 2088 3520 implebant,

750 3532 928 3650 primum
960 3531 1062 3644 <pund
1092 3549 1320 3617 tentaremus
1346 3531 1436 3618 illud
1468 3549 1580 3641 crat,
1619 3551 1664 3616 rt
1693 3537 1955 3644 prominentes
1989 3560 2085 3621 ocu·

751 3661 812 3750 ios
841 3679 1136 3771 exenteremus,
1167 3658 1297 3746 dentes
1326 3660 1512 3773 lapidibus
1541 3659 1823 3772 linngeremns,
1854 3683 1900 3748 vt
1930 3684 1976 3748 vt
1993 3663 2085 3750 ml·

750 3809 903 3879 mnne
930 3806 973 3874 et
1003 3807 1231 3876 excoecatus
1260 3789 1347 3899 est,
1380 3813 1462 3876 non
1489 3807 1620 3876 tamen
1649 3787 1715 3874 suo
1745 3791 1837 3878 loco
1858 3791 1996 3900 cedit,
2015 3789 2086 3878 ecl

700 4003 703 4007 ,
749 3917 1066 4024 cedere,nudet
1095 3916 1361 4031 producent
1390 3917 1456 4003 vel
1486 3920 1531 4004 ad
1549 3940 1667 4002 vntum
1693 3917 1869 4029 palliam,
1899 3937 1962 4005 tot
1981 3943 2083 4006 con·

750 4062 809 4134 tra
840 4044 949 4132 illum
980 4042 1167 4164 affurgtrm
1199 4023 1325 4132 hoster
1354 4071 1399 4132 nc
1427 4043 1637 4160 lugientem
1677 4049 1853 4135 dentibus
1900 4068 2082 4159 namne,

749 4193 800 4256 ue
835 4173 962 4260 locum
994 4173 1102 4257 sutum
1132 4172 1302 4283 deserat,
1333 4193 1379 4259 vt
1410 4174 1588 4260 finollris
1603 4173 1778 4260 manibus
1798 4177 1968 4264 hucdum
1988 4204 2082 4263 nra·

749 4295 868 4399 sctit,
899 4298 1020 4386 astris
1063 4303 1394 4389 commilitonibus
1424 4303 1652 4389 dilaceretur
1715 4297 1825 4390 nm
1858 4329 1955 4392 vero
1995 4329 2086 4394 vno

744 4433 907 4551 mente
933 4425 1066 4542 reliqui
1093 4447 1313 4544 accurntnt,
1334 4457 1424 4568 'quo
1440 4457 1464 4524 a
1480 4431 1566 4550 nge
1592 4428 1856 4552 prohibunt,
1888 4457 1989 4522 snm
2019 4433 2084 4518 al-

1302 4627 1307 4638 ·
1944 4579 2085 4654 lem
