4475 5900
485 500 569 593 DE
599 494 827 620 Burrus
856 495 1132 599 MARINI&
1392 508 1481 615 ³95

160 728 374 844 proiiciunt
403 756 471 818 ene
499 730 608 846 saepe
637 734 680 818 in
710 760 873 847 aquam,
902 754 949 820 vt
979 732 1118 821 natnnri
1149 728 1367 843 assuescant,
1381 734 1484 823 lassos

159 860 287 945 denuo
317 860 538 975 recipiunt,
571 888 617 947 ac
648 878 760 950 more·
799 864 970 951 humano
1007 862 1246 972 osttdantnr,
1295 866 1333 947 in
1364 863 1512 949 alcum.

158 987 303 1074 catulos
333 993 570 1102 proliciunt,
600 993 796 1107 proietios
827 991 1072 1079 anterioribus
1102 993 1257 1104 podibus
1285 992 1406 1076 veluti
1425 996 1486 1104 pi·

155 1113 238 1201 lam
270 1120 489 1230 recipiunt,
520 1124 607 1206 imo
634 1147 770 1209 omnes
809 1124 905 1208 lusus
951 1140 1168 1229 exercent,
1218 1144 1311 1232 quoe
1359 1141 1484 1208 mater

154 1243 279 1357 prolis
307 1248 560 1335 amantissima
592 1251 792 1338 iucundos.
805 1253 1100 1369 ctttencrrimos
1130 1272 1308 1335 exercere
1324 1250 1483 1363 potest:
1543 1294 1546 1301 =

154 1374 196 1460 in
226 1376 460 1476 continente
476 1378 694 1464 dormiente
723 1401 847 1465 nune
877 1380 991 1466 catuli
1021 1380 1206 1466 mammis
1244 1377 1311 1463 uel
1341 1377 1485 1465 lacertis
1583 1458 1595 1467 .

154 1502 337 1588 maternis
366 1503 609 1592 adhreremes
638 1506 774 1621 uigiles
803 1508 986 1595 custodias
1016 1526 1165 1619 agunt,
1195 1506 1350 1621 prolem
1366 1530 1482 1615 amo-

153 1656 200 1715 re
228 1630 299 1714 vix
330 1634 499 1721 credibili
530 1630 869 1748 complcdlunnnr3
901 1654 1094 1746 utcmque
1142 1634 1368 1744 perenibres
1415 1660 1482 1719 vr·

152 1776 268 1870 gent,
298 1776 382 1845 tam
416 1766 457 1847 in
485 1763 606 1872 muri,
630 1788 753 1874 ,qnam
786 1765 827 1849 in
856 1762 1107 1871 continente,
1138 1784 1332 1875 nunquam
1350 1780 1481 1845 tamen

150 1886 298 1972 candoe
326 1913 394 1975 ore
439 1909 611 2003 arreptos
653 1890 902 2004 relinquunt,
932 1889 1004 1975 nib
1042 1907 1220 1975 extrema
1267 1888 1481 1975 necelirtate

153 2031 196 2098 et
227 2014 308 2125 ipsa
339 2036 465 2103 morte
493 2018 679 2129 coactae,
709 2044 755 2106 ac
787 2037 988 2133 propterea
1024 2015 1170 2127 saepius
1220 2042 1311 2103 cum
1362 2014 1479 2103 illue

149 2142 374 2253 cucsrffcnt,
403 2146 655 2253 occiduunt,
685 2148 736 2231 de
765 2148 939 2233 industria
970 2144 1165 2255 aliquoties
1178 2142 1366 2230 foemellis
1389 2142 1480 2228 ade·

150 2271 403 2380 micatulos,
435 2272 509 2359 illis
540 2300 635 2360 nero
665 2272 754 2385 iplis
784 2276 973 2386 peperci,
1021 2270 1093 2355 hae
1134 2296 1232 2357 uero
1261 2270 1370 2357 instar
1400 2268 1477 2359 ho·
1625 2374 1633 2395 ο

148 2402 267 2486 minis
295 2399 429 2487 ailbei
459 2402 716 2512 plangebant,
746 2424 817 2485 me
847 2403 961 2485 uiuos
990 2398 1090 2481 duos
1127 2398 1272 2486 canum
1319 2418 1476 2512 portan-

148 2542 237 2611 tem
266 2526 387 2614 ueluti
417 2552 527 2613 canes
557 2550 580 2611 e
608 2528 818 2640 longinquo
855 2524 1135 2642 sequebantur,
1182 2528 1327 2615 candos
1373 2548 1476 2612 uoce

146 2652 321 2765 fingnlari
352 2656 497 2770 vngitni
527 2655 717 2742 infantum
746 2654 862 2743 simili
905 2652 1170 2760 aduocabant,
1219 2679 1313 2743 cum
1363 2653 1477 2741 catuli

148 2785 275 2869 andita
306 2809 408 2877 voce
458 2802 631 2871 materna
680 2786 820 2898 puriter
867 2785 1074 2897 negitent,
1114 2778 1249 2867 subsedi
1282 2784 1324 2871 in
1355 2784 1473 2892 nine,

148 2914 391 3000 accurrebant
423 2934 503 2998 tam
537 2938 663 3025 prope
694 2934 735 3001 et
765 2932 914 3025 paratae
953 2915 1100 2998 stabant
1147 2912 1292 2998 catulos
1330 2935 1356 2996 e
1386 2934 1474 2998 ma·

149 3041 262 3128 nibus
292 3041 334 3126 in
364 3045 455 3127 niue
485 3041 663 3154 seposrtos
707 3041 856 3130 allecte.
922 3039 1073 3155 Elapfis
1127 3045 1151 3123 8
1201 3039 1327 3126 diebm
1374 3037 1474 3123 redii

145 3171 198 3256 ad
228 3171 394 3257 eundem
423 3172 588 3275 locrm,
617 3175 798 3256 marino
827 3194 1005 3258 moerore
1035 3163 1217 3255 ad'cciam
1252 3189 1374 3251 unam
1390 3161 1476 3248 foe·

149 3297 312 3386 mellum
327 3301 488 3407 codem,
505 3324 584 3412 qno
614 3300 761 3386 cattnlos
789 3298 895 3410 rapui
926 3297 1035 3408 loco,
1051 3297 1241 3382 iacentem
1275 3290 1475 3378 inuenire

147 3427 287 3540 absque
316 3427 399 3515 ullo
428 3429 538 3540 fugae
568 3429 674 3514 edito
705 3428 813 3540 srgno
844 3427 1002 3531 occidi,
1052 3425 1155 3539 pelle
1203 3421 1373 3508 detracta
1420 3419 1475 3506 ita

148 3555 251 3642 intra
282 3557 477 3643 oenum
527 3559 715 3641 emaciata
745 3580 853 3664 emt,
886 3575 933 3641 vt
960 3555 1039 3641 offa
1085 3551 1332 3638 solummodo
1379 3573 1473 3635 cnm

148 3709 271 3799 pauca
300 3711 416 3770 carne
445 3687 698 3797 supereffent,
729 3689 834 3799 quod
864 3685 1047 3798 deinceps
1074 3679 1272 3792 aliquoties
1293 3677 1472 3786 contigit.

149 3815 306 3902 Accidit
333 3815 413 3900 alio
443 3833 643 3925 tempore,
673 3830 720 3900 ut
750 3839 943 3901 unacum
975 3814 1017 3899 d.
1049 3809 1267 3898 Plenisnero
1300 3823 1473 3897 matrem

147 3968 241 4028 crnn
271 3941 358 4030 filio
387 3967 512 4029 annuo
541 3942 798 4030 dormientem
817 3941 1066 4056 elonginquo
1095 3939 1305 4026 uiderem:
1347 3952 1473 4021 mater

152 4071 263 4157 nobis
279 4074 366 4158 vifis
382 4073 595 4159 accurrebat
612 4073 658 4158 ad
678 4072 800 4158 filium
818 4139 830 4180 ,
846 4073 1087 4160 suscitabatur
1103 4065 1289 4154 monebat
1304 4081 1348 4148 nt
1364 4065 1471 4175 fuge·

146 4220 205 4284 ret
219 4264 233 4307 ,
248 4225 340 4286 cnm
357 4228 454 4287 vero
469 4201 536 4286 ille
551 4202 721 4288 dormite
738 4227 808 4288 nec
826 4203 950 4314 fingere
968 4202 1103 4306 vellet,
1122 4198 1283 4284 inuitum
1302 4193 1473 4278 anterio-

118 4335 121 4338 ’
147 4329 248 4414 ribus
263 4331 421 4438 pedibus
435 4351 630 4441 arrepmm
649 4395 662 4440 ,
687 4331 806 4415 veluti
825 4332 924 4418 iners
938 4327 1069 4416 saxum
1085 4329 1135 4418 ad
1151 4349 1258 4416 mare
1274 4319 1472 4410 uoluebat.
1513 4368 1519 4382 ·

141 4451 305 4546 cneum
334 4477 382 4553 vt
410 4457 602 4550 hominen.
1128 4525 1131 4531 .

717 4585 764 4678 1>
794 4585 877 4676 dd
912 4609 940 4669 2
1341 4575 1471 4670 Oculis
