4475 5900
516 447 752 580 milii*
784 489 813 556 0
843 450 1087 585 orele*
1377 485 1469 586 err

472 661 1143 914 uuerusnrssuumurs.
1590 711 1594 720 ’

699 956 898 1024 auctoru

175 1181 178 1185 ἵ
517 1047 655 1160 Georg.
686 1051 753 1138 W
748 1049 888 1139 ilhelrn.
920 1049 1092 1140 Stellem.

139 1187 338 1424 Multa
370 1207 551 1296 animalia
581 1205 817 1294 immensum
850 1209 1052 1298 Oceanum
1069 1214 1174 1303 alere
1193 1277 1206 1324 ‚
1223 1241 1320 1331 quae
1337 1216 1474 1308 hodie·

292 1361 384 1421 num
403 1339 596 1451 incognita
611 1337 707 1446 fiut,
734 1361 857 1424 nemo
872 1343 1049 1447 dubitat,
1080 1346 1145 1458 qui
1162 1350 1365 1460 perpendit
1381 1361 1472 1462 pcr-

138 1469 281 1553 multas
311 1485 453 1576 terras,
485 1464 675 1580 permulta
705 1463 850 1551 Oceani
881 1469 982 1555 loca-
999 1467 1100 1580 ene,
1131 1497 1211 1585 quo
1243 1475 1471 1589 Frrropreo-

137 1621 226 1685 mm
254 1591 399 1711 ,coriola
417 1599 542 1682 audax
558 1620 632 1708 que
658 1593 831 1680 industria
848 1599 1021 1684 nondum
1039 1607 1274 1713 peruenerit,
1301 1608 1472 1716 adeoque

136 1748 206 1809 nec
240 1741 421 1811 contenta
451 1750 586 1812 eorum
620 1722 771 1808 lustrare
800 1719 984 1836 potuerit.
1051 1727 1122 1814 Est
1153 1748 1285 1816 autem
1302 1737 1470 1816 rer'cum

135 1855 366 1940 animalibus
393 1855 549 1938 marinis
578 1854 663 1958 ita,
695 1875 810 1964 quam
829 1877 920 1940 cum
947 1855 1182 1942 terrestribus
1212 1877 1471 1972 comparata:

134 1984 343 2102 Qraedam
374 1978 500 2068 ubiuis
532 1984 706 2115 locorum
737 1979 952 2092 habentur,
986 2009 1062 2095 pro
1091 1981 1271 2072 Climatis
1301 1989 1473 2073 alimen·

134 2133 344 2225 torumque
401 2111 613 2198 diuersitate
654 2108 717 2194 uel
757 2107 873 2192 solam
917 2115 1256 2223 magnitudinem,
1299 2116 1365 2200 uel
1400 2137 1471 2199 co·

134 2243 294 2352 iorem,
338 2238 403 2324 uel
441 2241 608 2350 pilorum
656 2235 859 2322 mollitiem
899 2257 965 2322 aut
1012 2241 1277 2352 prolixitatem
1318 2261 1359 2328 et
1396 2265 1469 2356 per

131 2369 442 2457 consuetudinem
472 2367 631 2480 longam
660 2362 826 2474 speciem
864 2383 1048 2475 mutant,
1094 2369 1269 2454 translata
1300 2371 1341 2453 in
1373 2370 1472 2458 aliud

132 2497 271 2586 clima·
285 2499 405 2606 longo
436 2497 637 2581 iutenrallo
665 2490 882 2602 specificam
916 2493 1164 2580 differentiam
1182 2495 1303 2582 rursus
1325 2513 1474 2582 exuunt

132 2651 175 2716 et
208 2627 257 2714 ad
290 2627 461 2736 primam
495 2625 666 2711 redeunt.
729 2617 790 2706 lta
818 2620 924 2731 Equi
972 2622 1165 2736 Europaei
1197 2624 1238 2708 in
1286 2620 1472 2712 Sibiriam

130 2755 307 2844 translati
337 2753 471 2838 sensum
508 2756 678 2840 minores
706 2767 747 2862 et
779 2749 978 2862 duriores,
1009 2752 1050 2838 in
1089 2744 1244 2840 indiam
1277 2753 1342 2840 uel
1373 2747 1474 2838 Chi·

129 2913 234 2973 nam
263 2881 409 2969 aaroni
442 2882 570 2967 denuo
601 2877 810 2992 gracilitate
840 2898 880 2965 et
910 2880 1098 2992 panritate
1130 2899 1281 2967 taumm
1331 2905 1469 2995 augen-

129 3036 229 3122 tur,
261 3031 307 3097 ut
336 3008 494 3095 succeliu
526 3007 714 3120 temporis
745 3008 981 3116 peculiarem
1014 3010 1180 3118 speciem
1228 3008 1468 3093 constituant.
1553 3118 1562 3135 .

127 3143 301 3229 lacutica
333 3142 504 3223 iumenta
535 3139 575 3221 in
606 3156 721 3221 terras
748 3133 1058 3222 Kamtschrticas-
1076 3133 1254 3221 translata
1285 3160 1367 3221 non
1385 3156 1472 3223 tan·

128 3284 226 3359 uim
259 3270 369 3354 mole
400 3268 598 3378 insigniter
626 3281 808 3374 augentur
824 3314 850 3369 ,·
878 3287 1016 3347 uerum
1049 3261 1246 3349 fertiliores
1275 3264 1469 3375 euadunt,

129 3403 246 3515 quod
263 3418 304 3485 et
328 3395 376 3483 ad
408 3414 564 3507 portum
582 3391 638 3480 St.
675 3389 910 3502 Archangeli
941 3391 1056 3480 millu
1083 3416 1135 3477 eo
1168 3390 1343 3476 iumentis
1373 3419 1471 3479 con·

128 3534 266 3643 tingit.
332 3526 440 3611 Oues
472 3524 625 3636 Anglici
657 3524 697 3605 in
730 3517 907 3605 Suociam
938 3521 1088 3607 aduedi
1122 3519 1174 3603 ob
1205 3519 1314 3604 lanae
1361 3523 1471 3609 nobi·

126 3658 289 3745 litatem
322 3652 408 3766 post
439 3654 556 3737 breue
588 3672 739 3761 tempus
768 3672 849 3731 nou
865 3666 1009 3736 tautum
1028 3650 1151 3761 pilos,
1174 3646 1234 3732 sed
1254 3666 1294 3732 et
1319 3652 1469 3759 magni-

127 3792 312 3875 tudinem
346 3802 553 3866 mutamut.
617 3776 659 3865 Si
676 3800 758 3891 quus
787 3774 867 3860 hoc
884 3800 962 3860 non
985 3780 1209 3882 adnecteret,
1241 3776 1281 3859 in
1313 3774 1388 3861 sola
1405 3774 1468 3863 sl·

126 3921 234 4005 biria
269 3910 513 4000 Animalium
545 3910 684 4021 species
716 3902 902 3990 immense
950 3926 1130 4018 augeret:
1178 3902 1368 4015 exemplo
1399 3907 1469 3992 srut

124 4049 243 4133 sciuri
274 4045 322 4130 ad
352 4040 503 4125 Obiom
534 4040 693 4151 grandes
721 4038 839 4145 longo
867 4032 989 4120 albide
1020 4033 1271 4120 cinerescente
1301 4032 1386 4144 pilo
1401 4060 1470 4121 ue-

127 4178 250 4282 stiti,
281 4170 466 4259 Obdorici
500 4171 609 4253 tertia
641 4182 751 4279 parte
783 4166 951 4247 minores
981 4165 1100 4249 denso
1135 4162 1374 4271 breuiorique
1408 4166 1466 4275 pi-

126 4308 205 4413 lu,
252 4290 529 4410 Burgusruenses
574 4298 689 4409 nigro
700 4296 715 4404 ',
767 4289 1109 4377 Werchoianenses
1140 4316 1164 4375 e
1196 4291 1308 4399 nigro
1339 4314 1379 4377 et
1412 4296 1469 4377 ci·

123 4460 259 4525 nereo
286 4430 413 4536 rani,
446 4452 542 4538 quae
571 4450 676 4511 uero
695 4419 908 4509 differentia
945 4425 1104 4530 omnis,
1136 4418 1238 4535 mod
1277 4423 1468 4531 magnitu-

197 4566 246 4651 T
245 4588 333 4649 om.
364 4556 420 4643 11.
441 4558 551 4648 Nou.
569 4552 825 4668 Commenty
1010 4550 1053 4641 0
1082 4575 1134 4675 ⁰.
1333 4547 1465 4635 dinem
