4475 5900
1072 400 1078 407 ,
1236 242 1264 384 i
1328 256 1357 408 ’.

523 417 610 512 DE
640 419 780 513 BESY
782 417 854 509 HS
884 413 1148 512 Muttinis.
1401 444 1492 533 ³79

168 647 332 758 euenit,
362 648 474 736 simili
507 652 657 734 ratione
685 650 741 735 lnc
771 646 977 758 effluebat,
1009 648 1064 735 ob
1094 648 1135 733 id
1167 666 1295 733 eutem
1327 653 1431 761 quod
1450 654 1491 739 in

172 781 235 862 uia
267 804 372 862 eram
402 795 442 861 et
472 779 567 862 circa
598 777 793 888 vesperam
824 778 950 887 pluuia
983 802 1052 863 me
1082 775 1345 887 impediebat,
1385 780 1495 865 absti-

171 929 263 988 nere
303 907 419 990 debui
464 906 512 990 ab
542 906 714 990 ulteriori
751 905 1020 1014 inquistione:
1060 905 1211 1015 possunt
1260 923 1389 989 autem
1422 932 1494 991 cu·

171 1032 260 1116 riost
291 1034 332 1115 in
363 1030 489 1120 Ruisn
521 1030 619 1117 hunc
647 1034 754 1116 tium
787 1032 950 1117 insicum
1000 1033 1156 1116 ulterius
1191 1034 1232 1116 in
1265 1030 1402 1141 phocis
1433 1036 1493 1117 in·

61 1248 66 1253 ,
168 1157 334 1268 degan,
365 1155 530 1245 snniiem
553 1182 832 1243 mammarum
862 1159 972 1257 ficunt
1006 1184 1096 1245 cutn
1129 1160 1233 1255 lunis
1249 1158 1491 1273 habentibus,

165 1306 399 1401 quapropter
419 1306 468 1369 ‘et
496 1287 661 1370 indicate
691 1285 813 1372 volui.

284 1412 461 1500 Intestina
491 1414 631 1524 ubique
660 1413 729 1497 fibi
761 1415 924 1527 nequnliu
954 1417 1067 1526 fiunt,
1115 1442 1187 1505 nec
1219 1418 1259 1501 in
1295 1418 1408 1507 crassa
1447 1446 1493 1508 nc

168 1538 297 1626 tenuia
326 1540 441 1625 diuis
459 1607 471 1650 ,
491 1542 648 1625 -ambitu
678 1562 805 1655 nutem
836 1544 951 1656 longe
983 1548 1134 1632 maiora
1165 1548 1282 1653 sunt,
1317 1572 1430 1657 quum
1449 1553 1490 1633 in

166 1666 318 1779 phoca,
348 1672 435 1754 vrso
466 1690 508 1753 et
538 1670 647 1754 leone
677 1671 855 1777 murino,
888 1674 1073 1783 pollicem
1126 1674 1339 1758 admodum
1373 1673 1489 1759 libere
1626 1660 1629 1667 ’

165 1796 405 1906 admittunt,
438 1800 609 1906 cancris,
640 1799 827 1908 mytuiis,
860 1800 1009 1910 pnteiiis
1024 1799 1272 1885 refertissima.
1340 1798 1490 1885 Excre-

166 1942 299 2008 menta
335 1925 530 2012 sicciffima
560 1928 671 2037 sunt,
702 1927 808 2011 uelut
838 1928 1007 2036 canina,
1036 1953 1082 2013 ac
1106 1929 1302 2038 congeries
1317 1925 1400 2016 sunt
1416 1928 1492 2013 uti·

165 2055 308 2137 dotum
348 2075 388 2137 et
420 2054 592 2138 dentibus
623 2053 905 2139 confractorum
954 2054 1279 2162 conchyliorum,
1326 2082 1486 2141 cuncto·

163 2204 284 2289 rum,
315 2182 404 2265 tesia
431 2182 553 2284 ueluti
584 2182 694 2265 cosia
724 2178 868 2264 rufescit
899 2184 939 2265 in
969 2181 1178 2267 intestinis:
1221 2182 1262 2265 in
1300 2182 1487 2270 intestinis

159 2308 294 2392 desunt
325 2333 437 2419 rugae
469 2329 510 2390 et
541 2309 711 2393 vnluulte
739 2310 1015 2415 conniucntes,
1045 2308 1149 2391 duest
1180 2307 1321 2419 pariter
1337 2311 1489 2398 veluula

156 2435 270 2546 coli,
298 2436 546 2519 destituuntur
576 2458 710 2518 coeco.
776 2433 901 2521 Totus
928 2435 1190 2521 intestinorum
1241 2436 1380 2520 nucius
1419 2439 1486 2523 de·

160 2586 249 2647 cem
282 2563 425 2647 uicibus
462 2561 617 2646 animali
664 2559 828 2672 longior.
876 2564 1170 2651 -Mesentcrium
1219 2562 1487 2675 pulchern'tno

159 2690 316 2803 cuspes-iu
345 2690 472 2775 omnis
502 2690 648 2799 generis
677 2690 763 2773 uasa
792 2689 918 2780 offert.
988 2691 1086 2777 Vnst
1135 2688 1254 2775 lactea
1285 2692 1325 2775 in
1356 2692 1486 2779 catulis

160 2821 362 2902 tenerrima
393 2836 433 2902 et
464 2820 691 2901 creberrima
720 2817 831 2927 sunt,
859 2841 905 2905 ut
935 2822 974 2904 in
1007 2820 1162 2931 phoca,
1194 2818 1296 2902 adest
1324 2818 1484 2931 glande·

156 2944 194 3031 lu
224 2973 401 3060 pancrcus
431 2947 548 3032 Aseili
580 2945 681 3030 dina
711 2945 917 3059 disciffitque
947 2947 1006 3032 ltc
1037 2946 1170 3031 sindit.

273 3073 561 3188 Diaphragma‚
580 3073 762 3181 trachea,
794 3077 997 3188 pherme,
1028 3091 1076 3159 ut
1105 3074 1162 3174 in,
1180 3071 1327 3186 phoca,
1344 3078 1483 3186 paritet

155 3229 202 3291 nc
236 3205 404 3316 pulmo,
437 3204 592 3288 flaccida
624 3202 901 3313 cnentlescens,
950 3204 1078 3288 inflata
1108 3205 1204 3286 rosei
1229 3203 1367 3288 colotis
1409 3204 1477 3288 esi.

158 3329 243 3418 Cor
274 3333 481 3442 conicum,
513 3332 682 3416 humano
711 3331 865 3417 similius
896 3357 1010 3443 quam
1051 3329 1230 3442 phocae,
1279 3333 1482 3442 pinguedi-

154 3487 206 3546 ne
237 3463 347 3549 omni
377 3481 509 3569 curet,
541 3459 684 3544 multos
713 3481 845 3546 autem
878 3460 1054 3544 vasorum
1085 3459 1318 3543 coronalium
1351 3485 1482 3545 ramu-

151 3593 214 3675 los
243 3589 367 3673 offert.
431 3586 610 3676 Annicula
639 3587 776 3671 dexnn
808 3587 947 3672 sinistra
995 3589 1149 3694 maior,
1197 3585 1258 3668 scd
1306 3587 1478 3670 multum

153 3720 334 3826 tenuior,
365 3720 506 3803 interna
537 3718 662 3803 cordis
689 3715 867 3802 structura
885 3743 907 3800 a
926 3703 1076 3825 phocae
1089 3713 1208 3797 corde
1223 3711 1317 3796 nihii
1333 3711 1473 3798 differt.

151 3846 348 3932 Fonmen
379 3847 487 3932 ouaie
519 3845 558 3925 in
589 3843 666 3926 hoc
696 3845 852 3929 animali
883 3841 1042 3930 clausum
1075 3843 1231 3953 reperi,
1267 3839 1402 3925 duetus
1417 3867 1476 3926 at·

148 3957 278 4061 terio'fi
308 3974 462 4086 uestigia
495 3969 604 4055 nulla.
670 3965 840 4085 Contigit
870 3990 996 4057 autem
1037 3989 1081 4066 vt
1113 3969 1380 4076 Embryonem
1411 3970 1475 4053 ui-

80 4091 86 4101 ’
145 4127 251 4187 uum
279 4125 301 4182 e
332 4107 454 4186 matre
485 4098 600 4185 occisa
633 4095 926 4206 exscinderem‚
955 4098 1098 4181 codem
1131 4116 1362 4204 momentu,
1394 4121 1476 4207 quo

150 4250 275 4314 mater
306 4231 354 4312 nd
384 4229 604 4314 enitendum
638 4243 798 4335 panum.
823 4231 867 4314 in
895 4230 1150 4316 continentem
1179 4221 1474 4338 secuntusctnu,

146 4383 193 4446 tc
224 4361 263 4445 in
294 4355 525 4470 Embryoue
553 4354 681 4469 inueni
709 4353 907 4465 sequentia.
1593 4415 1594 4420 Ν

716 4479 926 4574 Bbb2
1349 4477 1467 4574 OEm
