4475 5900
766 430 862 528 μθ
1101 412 1202 508 DE
1227 402 1443 511 Remis
1471 385 1737 509 illumin,

769 642 832 766 ι.)
860 643 1011 735 raone
1039 654 1084 729 et
1107 576 1359 732 vanni
1381 638 1540 731 annua
1569 639 1700 730 unna
1730 638 1917 729 manno
1949 662 2085 731 mne-

764 802 814 866 ιο
843 771 1120 879 inhabitantur,
1153 772 1207 857 ob
1237 774 1278 858 id
1309 772 1412 886 quod
1440 771 1556 859 lutras
1584 771 2088 884 deuomutetquouiemo-

725 902 822 1008 =,clu
847 902 1033 1008 landum,
1064 899 1134 988 has
1165 896 1294 1011 lugunt
1323 918 1365 985 ct
1396 898 1446 987 ab
1475 898 1860 987 iisralcletimennu.
1901 894 1966 1012 a.)
1998 891 2090 985 Gn·

762 1032 846 1116 cira
892 1052 1086 1141 nunqtum
1117 1050 1196 1136 en,
1245 1028 1416 1140 adeoque
1447 1050 1520 1114 nec
1568 1026 1687 1113 lanae
1728 1026 1976 1113 adnehuutut.
2030 1020 2083 1137 a.)

764 1154 954 1244 Dillantia
984 1158 1083 1241 inter
1111 1147 1341 1241 Ameiicam
1374 1171 1418 1240 et
1456 1151 1652 1241 Kurillicas
1689 1153 1914 1265 posteriores
1961 1148 2088 1237 insulan

760 1284 865 1371 adeo
894 1308 1036 1395 magna
1064 1275 1150 1389 eil,
1182 1306 1227 1368 ac
1257 1278 1375 1367 initiis
1404 1281 1638 1367 intermediis
1667 1299 1803 1391 caret,
1833 1281 2013 1393 annoque
2045 1300 2090 1363 en

645 1490 647 1494 .
766 1409 948 1516 animalia
994 1409 1091 1493 haec
1142 1425 1272 1493 natatu
1306 1408 1503 1518 peruenire
1536 1426 1757 1519 nequcurt3
1790 1410 1840 1501 ad
1867 1406 1947 1501 hoc
1987 1430 2087 1493 aton·

765 1536 856 1643 dit,
883 1534 988 1645 quod
1020 1534 1196 1621 animalia
1230 1534 1326 1621 haec
1357 1558 1381 1618 a
1413 1552 1543 1619 natura
1590 1558 1671 1618 nou
1719 1532 1939 1647 vagabunda
1986 1532 2086 1641 fiut,

754 1660 831 1747 -scd
863 1647 1136 1747 acommoda
1165 1661 1251 1745 loca
1299 1661 1513 1747 inuenerint
1544 1659 1591 1743 iis
1621 1658 1918 1777 velutjrnffixe,
1965 1662 2021 1745 ita
2047 1678 2085 1743 et

667 1822 673 1827 ·
768 1788 947 1901 priorum
979 1786 1178 1873 insulamm
1210 1788 1357 1876 incolae
1389 1787 1488 1875 adeo
1528 1784 1664 1873 harum
1711 1788 1904 1883 temtioui
1953 1786 2086 1874 intenti

757 1914 883 2024 ¹finnt,
910 1930 958 1999 nt
986 1938 1077 2001 tato
1107 1914 1243 2003 aestate
1273 1914 1460 2024 euadant,
1490 1936 1587 2027 quae
1616 1911 2018 2049 hyemefeffitgeruut.

885 2172 1090 2262 Venantur
1128 2172 1244 2261 lntraa
1271 2173 1383 2263 omni
1411 2180 1620 2289 tempore,
1652 2172 1713 2263 sed
1744 2174 1887 2261 atione
1937 2184 2082 2287 tempo

715 2344 721 2351 ,
770 2294 824 2387 ris
870 2300 1118 2388 diuerliffimis
1147 2302 1290 2386 tnod'n.
1356 2302 1509 2411 Hyeme
1540 2322 1580 2387 et
1612 2304 1813 2415 praecipue
1851 2299 1982 2385 mense
2020 2303 2086 2387 Fe

768 2426 964 2536 imario,
994 2428 1143 2515 Martio
1173 2444 1213 2511 et
1240 2427 1372 2539 Aprili
1403 2426 1654 2539 copioliffime
1685 2431 1911 2539 capiuntur,
1944 2426 2088 2515 sedtu-

771 2555 906 2667 pendo
932 2554 1093 2659 labore,
1134 2554 1346 2645 incredibili
1393 2555 1575 2663 audacia,
1621 2554 1906 2667 multorumque
1956 2552 2090 2668 nepita

771 2679 980 2768 hotninum
1012 2680 1166 2767 interitu
1184 2715 1195 2769 ε
1216 2682 1333 2768 aletis
1363 2681 1550 2797 menibus
1581 2682 1698 2767 flante
1736 2701 1858 2767 rento
1904 2680 2087 2768 manui

773 2808 873 2894 iutra
885 2808 1064 2897 *nidmrm
1094 2808 1157 2894 uel
1188 2811 1355 2897 triduum
1388 2808 1524 2923 glacies
1560 2832 1584 2894 a
1623 2808 1838 2893 continente
1885 2809 2092 2896 Americoe

772 2930 850 3024 nuc
882 2938 1057 3024 maxima
1087 2939 1204 3051 copia
1234 2936 1458 3047 amolitur,
1488 2934 1554 3024 uel
1581 2934 1690 3022 citius
1719 2935 1858 3048 glaciet
1901 2935 1979 3024 hnc
2012 2963 2090 3051 per·

773 3062 913 3170 teuit,
943 3066 972 3152 fi
1002 3083 1193 3152 autunum
1223 3067 1313 3152 inde
1329 3065 1451 3152 ablata
1485 3061 1580 3154 itinn
1609 3062 1738 3170 insulas
1768 3065 1810 3150 in
1823 3065 1944 3152 canali
1960 3066 2091 3152 deren

775 3203 816 3278 ta
846 3187 1034 3303 substitit;
1067 3191 1179 3278 Dum
1213 3209 1348 3282 ventus
1377 3193 1474 3300 flat,
1516 3207 1717 3278 venatores
1762 3193 1921 3302 gentiles
1970 3195 2091 3282 vbiu‘r

773 3318 875 3404 circa
907 3317 992 3404 lints
1021 3334 1064 3402 et
1091 3317 1221 3404 insulas
1249 3321 1290 3404 in
1307 3320 1518 3408 stramineis
1549 3318 1742 3430 tuguriolis
1757 3321 1932 3405 excubias
1945 3339 2093 3430 agraet,

774 3445 914 3556 glaciet
945 3461 1048 3533 tanta
1077 3449 1191 3558 topia
1221 3445 1446 3554 aduehitur‚
1481 3461 1527 3531 vt
1555 3446 1671 3534 nuris
1700 3443 1978 3558 superauerat
2008 3449 2092 3542 lito

752 3596 818 3660 ,re
848 3573 897 3660 ad
926 3571 1070 3685 aliquot
1097 3573 1269 3660 milliaria
1302 3591 1495 3686 ocnnpet‚
1526 3575 1623 3660 circa
1638 3573 1771 3660 insulas
1785 3573 1980 3660 Kurillicas
2006 3599 2096 3687 pro·

776 3701 1021 3786 montorium
1052 3700 1226 3812 Lapatia
1259 3701 1367 3814 taepe
1402 3725 1494 3787 tum
1542 3699 1657 3812 priori
1700 3699 1820 3785 inille
1865 3701 2095 3814 coniungit,

774 3827 871 3910 dum
889 3827 1047 3938 gentiles
1063 3829 1164 3916 clatra
1193 3828 1349 3940 lignea,
1379 3828 1501 3914 cultro
1528 3829 1694 3933 annau,
1723 3826 1977 3941 bitis-ligneis
1991 3827 2097 3941 lapki

775 3949 889 4038 dictis
919 3956 1070 4062 induti,
1101 3955 1165 4044 vel
1194 3953 1292 4066 suli,
1322 3956 1387 4041 uel
1417 3977 1507 4040 cum
1537 3977 1632 4038 cane
1668 3955 1715 4038 ad
1747 3958 1991 4044 venationem
2042 3959 2099 4040 iu·

780 4075 941 4190 structi,
982 4107 1005 4167 a
1038 4081 1145 4164 litore
1176 4084 1216 4166 io
1246 4083 1419 4192 glaciem·
1437 4079 1606 4188 abeunt,
1636 4104 1725 4190 quat
1756 4083 1953 4169 offeudtmt
1981 4083 2100 4168 lutras

616 4318 620 4324 Δ
779 4200 897 4287 clauis
927 4206 1103 4293 occidunt
1131 4233 1174 4293 ac
1204 4206 1487 4322 promptiffime
1517 4210 1613 4294 intra
1643 4205 1787 4317 aliquot
1811 4228 2015 4296 momenta
2026 4233 2099 4294 ex·

780 4325 959 4442 conant,
995 4337 1173 4428 continue
1213 4335 1332 4458 pedet
1359 4337 1557 4432 mouendo
1587 4357 1638 4424 ue
1667 4353 1915 4460 mergantur,
1964 4355 2101 4546 tatdrpncp
