4475 5900
404 448 669 540 ECLIPSES
701 448 781 538 LV
780 441 1051 540 MlNARlV
1051 449 1121 538 M.
1387 474 1478 561 457

147 701 252 771 ursan
283 690 373 789 φῦ
406 684 507 770 linea
537 689 622 796 ni,
655 690 862 773 deducatur
893 685 995 773 linea
1024 692 1077 776 in
1095 686 1394 799 ,·subtrahendo
1411 691 1477 781 sc:
1512 780 1514 783 ,

148 817 189 899 in
220 810 301 899 hoc
333 812 442 920 casta,
489 814 634 901 lineam
683 842 809 927 aga
841 817 942 900 linea
973 844 1083 925 am,
1135 818 1184 902 ad
1215 810 1479 931 reliduumque

136 964 374 1051 gmzno
404 942 579 1029 addendo
610 944 751 1029 lineam
783 948 852 1030 ni.
888 946 1035 1063 Quodsi
1067 947 1126 1029 6¹⁰
1156 948 1256 1031 linea
1288 946 1384 1033 haec
1411 951 1425 1033 i
1459 972 1480 1031 a

143 1096 169 1153 a
198 1072 308 1156 radio
356 1068 491 1154 Lunae
523 1073 558 1156 L
581 1097 601 1157 n
631 1072 892 1178 subtrahatur,
926 1074 1078 1159 restabit
1126 1076 1228 1161 linea
1256 1074 1363 1162 Lt·
1388 1076 1478 1193 Qta

147 1200 237 1286 data
275 1211 377 1305 7⁸⁸⁰,
408 1202 450 1281 in
481 1202 688 1311 triangulo.
703 1200 739 1287 L
754 1203 813 1288 di
843 1204 1071 1313 testangulo
1113 1206 1246 1315 add,
1295 1205 1391 1289 datis
1421 1206 1475 1289 la-

149 1347 235 1414 tere
268 1327 364 1437 Li,
398 1345 441 1411 et
471 1332 613 1439 angulo
644 1330 711 1418 Li
727 1330 758 1416 d
769 1394 782 1439 ,
839 1331 906 1416 suo
944 1332 1091 1419 altemo
1122 1359 1185 1418 ea
1192 1361 1224 1443 g
1271 1359 1343 1445 per
1373 1358 1480 1423 mum

150 1453 246 1535 2⁶⁰³
278 1462 440 1542 inuento
472 1458 650 1568 aequali,¹
681 1458 1001 1565 detenninabitur
1032 1460 1127 1543 latus
1158 1458 1267 1570 LA,
1297 1461 1480 1547 differen-

149 1586 202 1668 tia
233 1585 535 1671 declinationum
568 1585 702 1672 Lunae
732 1607 774 1670 et
805 1584 932 1671 stellae
971 1587 1270 1673 oscillationibus
1311 1590 1477 1675 horolm

144 1716 200 1823 gii
230 1716 465 1801 admotum
496 1715 625 1801 stellae
654 1714 781 1799 relatis
812 1711 1020 1823 expressa,
1052 1731 1234 1826 tempore
1278 1720 1478 1807 coutastus

145 1842 262 1931 limbi
293 1842 429 1931 Lunae
462 1840 512 1929 M
545 1868 636 1929 cum
669 1844 813 1955 capillo
844 1842 935 1929 HF
967 1844 1164 1954 quaesita,
1204 1870 1279 1931 nec
1311 1871 1392 1932 non
1423 1848 1480 1933 la-

145 1990 205 2056 tus
236 1972 401 2058 alterum
433 1972 465 2055 d
476 1975 505 2059 i.
568 1974 744 2058 Addatur
774 1971 932 2059 tandem
973 1980 1044 2060 8'0
1075 1973 1171 2056 latus
1203 1972 1281 2059 hoc
1322 1974 1382 2063 di
1426 1976 1475 2063 ad

91 2118 102 2127 ·
141 2099 286 2186 lineam
315 2106 396 2212 ei,
431 2124 498 2187 nro
528 2099 589 2205 4¹⁰
634 2102 861 2204 inuentam,
893 2098 1122 2211 summaque
1154 2102 1216 2183 seu
1238 2101 1352 2185 'linea
1383 2104 1480 2213 de,
1635 2146 1638 2151 ·

141 2225 380 2314 subtmhatur
416 2228 570 2314 alinea
601 2227 701 2333 es,'
735 2225 798 2310 seu
830 2241 1043 2334 tempore,
1093 2226 1198 2336 quod
1231 2251 1254 2311 a
1287 2233 1476 2317 contactu

138 2342 253 2444 limbi
284 2357 419 2443 Lunae
449 2354 500 2441 M
532 2381 623 2443 etun
654 2352 796 2463 capillo
827 2350 918 2436 HF
949 2351 999 2436 ad
1029 2350 1232 2462 appulsum
1264 2355 1391 2445 stellae
1424 2358 1475 2445 ad

138 2485 324 2597 capillum
354 2512 422 2573 uo
452 2484 496 2568 in
525 2510 548 2569 e
576 2482 813 2590 intercedit,
845 2476 1034 2583 refiduum
1064 2480 1132 2565 uel
1160 2480 1262 2568 linea
1295 2486 1327 2571 d
1339 2480 1367 2569 S
1401 2488 1506 2575 etit'

134 2609 355 2701 differentia
385 2613 640 2701 ascenfionum
672 2612 862 2696 redianun
895 2608 1031 2694 Lunae
1062 2625 1105 2691 et
1136 2607 1261 2694 stellae
1277 2614 1474 2726 quaefita,
1509 2592 1515 2615 ⁸

136 2743 202 2828 seu
233 2747 373 2831 eodem
406 2764 593 2855 tempore.
624 2741 800 2827 obtinens
836 2737 1052 2849 iisdemque
1089 2736 1259 2846 partibus
1295 2767 1385 2832 cum
1425 2744 1476 2831 u.

136 2895 211 2958 nea
242 2872 333 2962 Ld
361 2871 572 2987 expreffa3
627 2869 762 2984 quibus
792 2867 890 2953 datis
919 2866 1031 2950 locus
1060 2861 1195 2949 Lunae
1235 2868 1282 2954 ad
1319 2870 1470 2962 stellam

135 3026 212 3115 per
240 3003 276 3088 se
307 3021 427 3119 patet.
493 3000 644 3120 Quodfi
675 2998 838 3085 instante
873 2996 1135 3080 occultatione
1168 2994 1295 3088 stellae
1327 3023 1350 3082 a
1384 3002 1467 3089 Lu.

133 3155 187 3214 na
204 3196 217 3239 ‚
234 3137 305 3218 vel
335 3135 460 3221 statim
478 3131 566 3247 post
595 3127 849 3215 emersionem
880 3123 1008 3209 stellae
1037 3123 1123 3209 loca
1156 3120 1291 3211 Lunae
1319 3129 1371 3214 ad
1386 3130 1474 3221 stcl.

137 3257 218 3344 lam
250 3263 444 3349 methodis
475 3262 659 3348 hactenus
691 3251 879 3368 expofitis
909 3251 1057 3365 aliquot
1086 3252 1236 3339 vicibus
1273 3255 1470 3348 inuenian.

137 3405 228 3495 tur,
260 3395 406 3504 poterit
434 3393 524 3479 inde
558 3389 700 3503 pofitio
730 3387 819 3470 uiae
849 3379 985 3465 Lunae
1016 3381 1159 3466 astella
1187 3382 1288 3467 visae
1306 3387 1351 3472 ad
1367 3389 1472 3478 diur-

135 3544 230 3608 num
247 3521 371 3606 stellse
390 3587 403 3628 ‚
421 3543 622 3632 motusque
660 3517 794 3602 Lunae
823 3513 872 3597 ad
916 3506 1064 3595 stellam
1103 3509 1278 3599 horatius
1319 3514 1360 3598 in
1403 3521 1470 3606 via

133 3647 200 3731 illa
233 3667 274 3732 et
302 3668 452 3762 tempus
484 3650 668 3736 minimae
700 3642 899 3727 distantiae
944 3638 1068 3722 centri
1108 3635 1242 3724 Lunae
1282 3667 1305 3724 a
1339 3643 1468 3756 della,

134 3777 204 3862 vel
233 3780 411 3892 appulsus
441 3777 574 3864 lunae
603 3776 652 3864 ad
684 3772 857 3879 stellam,
889 3770 953 3856 stu
984 3767 1147 3853 emctlio
1178 3769 1307 3854 stellae
1339 3772 1470 3862 detct·
1557 3793 1558 3796 ‘

131 3906 307 4015 minari,
336 3909 365 3994 li
396 3906 622 3993 alterutrum
656 3928 800 3990 eorum
831 3898 1020 3986 obuersari
1053 3922 1135 3981 non
1164 3900 1348 4010 potuerit.

249 4033 375 4123 Schol-
412 4029 514 4135 ψ
538 4037 737 4156 Quoniam
775 4034 818 4116 in
848 4027 1049 4115 methodis
1088 4025 1173 4112 loca
1215 4026 1346 4113 Lunae
1384 4027 1467 4118 lau·

128 4164 221 4250 data
253 4165 477 4254 obseruandi
508 4166 616 4276 supra
658 4163 794 4277 §§phls
828 4172 896 4249 ὃν·
928 4177 972 4241 et
1009 4167 1113 4235 ιο1110
1151 4153 1351 4269 descriptis
1373 4185 1468 4270 ‚pto

129 4294 302 4404 qualibet
331 4295 596 4379 obseruatione
625 4294 768 4404 politio
800 4286 927 4401 capilli
959 4279 1055 4372 GC
1084 4285 1136 4366 ad
1168 4287 1350 4371 diurnum
1382 4286 1465 4372 Lu·

131 4443 207 4510 nae
237 4425 305 4509 uel
336 4424 463 4511 stellae
492 4421 669 4534 puellula
688 4419 904 4531 'requiritur
921 4437 1046 4529 ,qtae
1074 4411 1239 4524 sunplici
1269 4415 1462 4504 ttnc'tatio

198 4553 324 4645 Tom.
346 4553 404 4644 11.
425 4552 538 4644 Nou.
557 4547 790 4641 comment.
978 4540 1033 4639 Μ
1060 4565 1107 4632 m
1137 4567 1187 4636 m
1404 4567 1456 4634 ue
