<?xml version="1.0" encoding="UTF-8"?>
<!DOCTYPE html PUBLIC "-//W3C//DTD XHTML 1.0 Transitional//EN"
    "http://www.w3.org/TR/xhtml1/DTD/xhtml1-transitional.dtd">
<html xmlns="http://www.w3.org/1999/xhtml" xml:lang="en" lang="en">
 <head>
  <title>
</title>
<meta http-equiv="Content-Type" content="text/html;charset=utf-8" />
  <meta name='ocr-system' content='tesseract 3.04.00' />
  <meta name='ocr-capabilities' content='ocr_page ocr_carea ocr_par ocr_line ocrx_word'/>
</head>
<body>
  <div class='ocr_page' id='page_1' title='image "./novicommentarii12sssrgoog/novicommentarii12sssrgoog_0254.png"; bbox 0 0 4475 5900; ppageno 0'>
   <div class='ocr_carea' id='block_1_1' title="bbox 761 487 1872 599">
    <p class='ocr_par' dir='ltr' id='par_1_1' title="bbox 761 487 1872 599">
     <span class='ocr_line' id='line_1_1' title="bbox 761 487 1872 599; baseline 0.006 -6"><span class='ocrx_word' id='word_1_1' title='bbox 761 515 859 593; x_wconf 76' lang='lat' dir='ltr'>aaa</span> <span class='ocrx_word' id='word_1_2' title='bbox 1052 487 1300 598; x_wconf 70' lang='lat' dir='ltr'>amaron</span> <span class='ocrx_word' id='word_1_3' title='bbox 1331 489 1588 592; x_wconf 78' lang='lat' dir='ltr'><em>NOVITER</em></span> <span class='ocrx_word' id='word_1_4' title='bbox 1619 491 1872 599; x_wconf 66' lang='lat' dir='ltr'>mistim</span> 
     </span>
    </p>
   </div>
   <div class='ocr_carea' id='block_1_2' title="bbox 631 726 2114 4701">
    <p class='ocr_par' dir='ltr' id='par_1_2' title="bbox 756 726 2098 2908">
     <span class='ocr_line' id='line_1_2' title="bbox 874 726 2098 835; baseline 0.007 -19"><span class='ocrx_word' id='word_1_5' title='bbox 874 731 915 835; x_wconf 64' lang='grc' dir='ltr'>ς.</span> <span class='ocrx_word' id='word_1_6' title='bbox 933 735 979 816; x_wconf 88' lang='lat'>6.</span> <span class='ocrx_word' id='word_1_7' title='bbox 1014 726 1081 814; x_wconf 82' lang='lat' dir='ltr'>Ad</span> <span class='ocrx_word' id='word_1_8' title='bbox 1110 729 1188 816; x_wconf 93' lang='lat' dir='ltr'>hoc</span> <span class='ocrx_word' id='word_1_9' title='bbox 1220 755 1270 816; x_wconf 87' lang='lat' dir='ltr'>eo</span> <span class='ocrx_word' id='word_1_10' title='bbox 1318 731 1455 820; x_wconf 85' lang='lat' dir='ltr'>certius</span> <span class='ocrx_word' id='word_1_11' title='bbox 1492 731 1744 821; x_wconf 87' lang='lat' dir='ltr'>efficiendum</span> <span class='ocrx_word' id='word_1_12' title='bbox 1792 731 1950 820; x_wconf 79' lang='lat' dir='ltr'>rutatos</span> <span class='ocrx_word' id='word_1_13' title='bbox 1996 735 2098 824; x_wconf 82' lang='lat' dir='ltr'>illos</span> 
     </span>
     <span class='ocr_line' id='line_1_3' title="bbox 757 857 2096 976; baseline -0.001 -23"><span class='ocrx_word' id='word_1_14' title='bbox 757 862 901 954; x_wconf 88' lang='lat' dir='ltr'>modos</span> <span class='ocrx_word' id='word_1_15' title='bbox 939 857 1111 947; x_wconf 88' lang='lat' dir='ltr'>srmiliter</span> <span class='ocrx_word' id='word_1_16' title='bbox 1142 862 1189 944; x_wconf 89' lang='lat' dir='ltr'>ad</span> <span class='ocrx_word' id='word_1_17' title='bbox 1220 861 1406 950; x_wconf 88' lang='lat' dir='ltr'>calculum</span> <span class='ocrx_word' id='word_1_18' title='bbox 1438 866 1716 972; x_wconf 86' lang='lat' dir='ltr'>reuocabimus,</span> <span class='ocrx_word' id='word_1_19' title='bbox 1745 879 1792 948; x_wconf 79' lang='lat' dir='ltr'>vt</span> <span class='ocrx_word' id='word_1_20' title='bbox 1832 867 2096 976; x_wconf 88' lang='lat' dir='ltr'>comparatio-</span> 
     </span>
     <span class='ocr_line' id='line_1_4' title="bbox 756 979 2091 1080; baseline -0.001 0"><span class='ocrx_word' id='word_1_21' title='bbox 756 979 854 1080; x_wconf 85' lang='lat' dir='ltr'>netn</span> <span class='ocrx_word' id='word_1_22' title='bbox 887 1007 1023 1075; x_wconf 84' lang='lat' dir='ltr'>eontm</span> <span class='ocrx_word' id='word_1_23' title='bbox 1056 991 1160 1072; x_wconf 86' lang='lat' dir='ltr'>inter</span> <span class='ocrx_word' id='word_1_24' title='bbox 1191 991 1229 1074; x_wconf 87' lang='lat' dir='ltr'>se</span> <span class='ocrx_word' id='word_1_25' title='bbox 1260 1016 1312 1074; x_wconf 89' lang='lat' dir='ltr'>eo</span> <span class='ocrx_word' id='word_1_26' title='bbox 1342 989 1482 1076; x_wconf 75' lang='lat' dir='ltr'>bellios</span> <span class='ocrx_word' id='word_1_27' title='bbox 1513 991 1703 1077; x_wconf 86' lang='lat' dir='ltr'>instituere</span> <span class='ocrx_word' id='word_1_28' title='bbox 1733 990 1857 1079; x_wconf 79' lang='lat' dir='ltr'>liceat.</span> <span class='ocrx_word' id='word_1_29' title='bbox 1926 995 2091 1078; x_wconf 82' lang='lat' dir='ltr'>Promo</span> 
     </span>
     <span class='ocr_line' id='line_1_5' title="bbox 761 1119 2092 1232; baseline 0.003 -27"><span class='ocrx_word' id='word_1_30' title='bbox 761 1137 902 1226; x_wconf 80' lang='lat' dir='ltr'>nentur</span> <span class='ocrx_word' id='word_1_31' title='bbox 950 1143 1064 1202; x_wconf 88' lang='lat' dir='ltr'>naues</span> <span class='ocrx_word' id='word_1_32' title='bbox 1110 1121 1361 1205; x_wconf 79' lang='lat' dir='ltr'>mercatoriae</span> <span class='ocrx_word' id='word_1_33' title='bbox 1390 1119 1477 1206; x_wconf 88' lang='lat' dir='ltr'>alias</span> <span class='ocrx_word' id='word_1_34' title='bbox 1505 1137 1571 1208; x_wconf 41' lang='lat' dir='ltr'>‘aut</span> <span class='ocrx_word' id='word_1_35' title='bbox 1603 1120 1690 1207; x_wconf 82' lang='lat' dir='ltr'>fitne</span> <span class='ocrx_word' id='word_1_36' title='bbox 1723 1146 1795 1232; x_wconf 90' lang='lat' dir='ltr'>per</span> <span class='ocrx_word' id='word_1_37' title='bbox 1843 1119 2092 1208; x_wconf 89' lang='lat' dir='ltr'>hominesin</span> 
     </span>
     <span class='ocr_line' id='line_1_6' title="bbox 759 1241 2093 1363; baseline 0.001 -29"><span class='ocrx_word' id='word_1_38' title='bbox 759 1247 893 1335; x_wconf 79' lang='lat' dir='ltr'>littore</span> <span class='ocrx_word' id='word_1_39' title='bbox 923 1241 1141 1357; x_wconf 82' lang='lat' dir='ltr'>trahentes,</span> <span class='ocrx_word' id='word_1_40' title='bbox 1172 1266 1236 1335; x_wconf 88' lang='lat' dir='ltr'>aut</span> <span class='ocrx_word' id='word_1_41' title='bbox 1266 1246 1354 1333; x_wconf 79' lang='lat' dir='ltr'>fitne</span> <span class='ocrx_word' id='word_1_42' title='bbox 1384 1273 1440 1334; x_wconf 84' lang='lat' dir='ltr'>ex</span> <span class='ocrx_word' id='word_1_43' title='bbox 1470 1249 1635 1336; x_wconf 79' lang='lat' dir='ltr'>anchora</span> <span class='ocrx_word' id='word_1_44' title='bbox 1668 1249 1812 1336; x_wconf 88' lang='lat' dir='ltr'>minori</span> <span class='ocrx_word' id='word_1_45' title='bbox 1842 1251 1988 1335; x_wconf 86' lang='lat' dir='ltr'>eminus</span> <span class='ocrx_word' id='word_1_46' title='bbox 2004 1277 2093 1363; x_wconf 87' lang='lat' dir='ltr'>pro·</span> 
     </span>
     <span class='ocr_line' id='line_1_7' title="bbox 760 1374 2092 1490; baseline -0.001 -25"><span class='ocrx_word' id='word_1_47' title='bbox 760 1377 863 1465; x_wconf 74' lang='lat' dir='ltr'>iet’ta</span> <span class='ocrx_word' id='word_1_48' title='bbox 892 1374 1072 1485; x_wconf 68' lang='lat' dir='ltr'>fimeto,</span> <span class='ocrx_word' id='word_1_49' title='bbox 1096 1401 1216 1488; x_wconf 89' lang='lat' dir='ltr'>quem</span> <span class='ocrx_word' id='word_1_50' title='bbox 1235 1395 1298 1461; x_wconf 90' lang='lat' dir='ltr'>aut</span> <span class='ocrx_word' id='word_1_51' title='bbox 1331 1381 1507 1482; x_wconf 87' lang='lat' dir='ltr'>manibus</span> <span class='ocrx_word' id='word_1_52' title='bbox 1537 1397 1602 1465; x_wconf 88' lang='lat' dir='ltr'>aot</span> <span class='ocrx_word' id='word_1_53' title='bbox 1631 1397 1757 1490; x_wconf 85' lang='lat' dir='ltr'>ergata</span> <span class='ocrx_word' id='word_1_54' title='bbox 1788 1379 1831 1463; x_wconf 89' lang='lat' dir='ltr'>in</span> <span class='ocrx_word' id='word_1_55' title='bbox 1861 1381 1951 1464; x_wconf 89' lang='lat' dir='ltr'>naui</span> <span class='ocrx_word' id='word_1_56' title='bbox 1980 1381 2028 1466; x_wconf 86' lang='lat' dir='ltr'>ad</span> <span class='ocrx_word' id='word_1_57' title='bbox 2057 1378 2092 1464; x_wconf 90' lang='lat' dir='ltr'>se</span> 
     </span>
     <span class='ocr_line' id='line_1_8' title="bbox 761 1499 2090 1618; baseline 0 -24"><span class='ocrx_word' id='word_1_58' title='bbox 761 1506 931 1594; x_wconf 73' lang='lat' dir='ltr'>mhunt.</span> <span class='ocrx_word' id='word_1_59' title='bbox 994 1499 1097 1590; x_wconf 89' lang='lat' dir='ltr'>Cum</span> <span class='ocrx_word' id='word_1_60' title='bbox 1130 1525 1181 1590; x_wconf 83' lang='lat' dir='ltr'>ex</span> <span class='ocrx_word' id='word_1_61' title='bbox 1210 1507 1513 1594; x_wconf 77' lang='lat' dir='ltr'>antecedentibus</span> <span class='ocrx_word' id='word_1_62' title='bbox 1539 1507 1618 1593; x_wconf 89' lang='lat' dir='ltr'>iam</span> <span class='ocrx_word' id='word_1_63' title='bbox 1669 1507 1838 1618; x_wconf 82' lang='lat' dir='ltr'>constet,</span> <span class='ocrx_word' id='word_1_64' title='bbox 1886 1506 2090 1594; x_wconf 89' lang='lat' dir='ltr'>hominem</span> 
     </span>
     <span class='ocr_line' id='line_1_9' title="bbox 761 1625 2092 1750; baseline 0.005 -33"><span class='ocrx_word' id='word_1_65' title='bbox 761 1635 946 1741; x_wconf 82' lang='lat' dir='ltr'>tempore</span> <span class='ocrx_word' id='word_1_66' title='bbox 962 1641 965 1649; x_wconf 85' lang='lat'>&#39;</span> <span class='ocrx_word' id='word_1_67' title='bbox 981 1625 1048 1713; x_wconf 76' lang='lat' dir='ltr'>t‘·l</span> <span class='ocrx_word' id='word_1_68' title='bbox 1071 1640 1126 1710; x_wconf 86' lang='lat'>28</span> <span class='ocrx_word' id='word_1_69' title='bbox 1146 1630 1195 1728; x_wconf 69' lang='lat' dir='ltr'>ib</span> <span class='ocrx_word' id='word_1_70' title='bbox 1211 1659 1281 1744; x_wconf 89' lang='lat' dir='ltr'>per</span> <span class='ocrx_word' id='word_1_71' title='bbox 1310 1632 1473 1746; x_wconf 89' lang='lat' dir='ltr'>spatium</span> <span class='ocrx_word' id='word_1_72' title='bbox 1495 1661 1520 1721; x_wconf 78' lang='lat' dir='ltr'>a</span> <span class='ocrx_word' id='word_1_73' title='bbox 1541 1637 1689 1748; x_wconf 90' lang='lat' dir='ltr'>pedum</span> <span class='ocrx_word' id='word_1_74' title='bbox 1707 1661 1941 1748; x_wconf 88' lang='lat' dir='ltr'>promouere</span> <span class='ocrx_word' id='word_1_75' title='bbox 1957 1637 2092 1750; x_wconf 78' lang='lat' dir='ltr'>polle,</span> 
     </span>
     <span class='ocr_line' id='line_1_10' title="bbox 762 1752 2090 1877; baseline 0.006 -31"><span class='ocrx_word' id='word_1_76' title='bbox 762 1752 807 1846; x_wconf 82' lang='lat' dir='ltr'>id</span> <span class='ocrx_word' id='word_1_77' title='bbox 837 1757 971 1870; x_wconf 82' lang='lat' dir='ltr'>ptimo</span> <span class='ocrx_word' id='word_1_78' title='bbox 1001 1754 1084 1844; x_wconf 90' lang='lat' dir='ltr'>casu</span> <span class='ocrx_word' id='word_1_79' title='bbox 1115 1779 1274 1871; x_wconf 88' lang='lat' dir='ltr'>propter</span> <span class='ocrx_word' id='word_1_80' title='bbox 1301 1761 1497 1874; x_wconf 88' lang='lat' dir='ltr'>duplicem</span> <span class='ocrx_word' id='word_1_81' title='bbox 1531 1767 1798 1877; x_wconf 86' lang='lat' dir='ltr'>obliquitatem</span> <span class='ocrx_word' id='word_1_82' title='bbox 1826 1764 1920 1850; x_wconf 85' lang='lat' dir='ltr'>funis</span> <span class='ocrx_word' id='word_1_83' title='bbox 1948 1767 2090 1854; x_wconf 68' lang='lat' dir='ltr'>maero-</span> 
     </span>
     <span class='ocr_line' id='line_1_11' title="bbox 760 1881 2091 2011; baseline 0.008 -37"><span class='ocrx_word' id='word_1_84' title='bbox 760 1889 809 1974; x_wconf 91' lang='lat' dir='ltr'>rii</span> <span class='ocrx_word' id='word_1_85' title='bbox 839 1911 923 1972; x_wconf 88' lang='lat' dir='ltr'>non</span> <span class='ocrx_word' id='word_1_86' title='bbox 939 1881 1055 1973; x_wconf 75' lang='lat' dir='ltr'>¹¹ultra</span> <span class='ocrx_word' id='word_1_87' title='bbox 1075 1911 1147 1968; x_wconf 73' lang='lat' dir='ltr'>no</span> <span class='ocrx_word' id='word_1_88' title='bbox 1179 1883 1227 1984; x_wconf 62' lang='lat'>13</span> <span class='ocrx_word' id='word_1_89' title='bbox 1258 1887 1409 2001; x_wconf 84' lang='lat' dir='ltr'>lingulis</span> <span class='ocrx_word' id='word_1_90' title='bbox 1439 1896 1620 2003; x_wconf 89' lang='lat' dir='ltr'>operariis</span> <span class='ocrx_word' id='word_1_91' title='bbox 1652 1894 1763 1984; x_wconf 81' lang='lat' dir='ltr'>tribur</span> <span class='ocrx_word' id='word_1_92' title='bbox 1791 1885 1976 2011; x_wconf 77' lang='lat' dir='ltr'>poll&#39;unt3</span> <span class='ocrx_word' id='word_1_93' title='bbox 2023 1901 2091 1984; x_wconf 90' lang='lat' dir='ltr'>erit</span> 
     </span>
     <span class='ocr_line' id='line_1_12' title="bbox 762 2007 2090 2138; baseline 0.011 -37"><span class='ocrx_word' id='word_1_94' title='bbox 762 2007 892 2128; x_wconf 87' lang='lat' dir='ltr'>itaque</span> <span class='ocrx_word' id='word_1_95' title='bbox 921 2011 963 2097; x_wconf 88' lang='lat' dir='ltr'>in</span> <span class='ocrx_word' id='word_1_96' title='bbox 993 2015 1114 2127; x_wconf 91' lang='lat' dir='ltr'>priori</span> <span class='ocrx_word' id='word_1_97' title='bbox 1132 2013 1213 2100; x_wconf 83' lang='lat' dir='ltr'>casu</span> <span class='ocrx_word' id='word_1_98' title='bbox 1230 2043 1262 2103; x_wconf 87' lang='lat' dir='ltr'>tt</span> <span class='ocrx_word' id='word_1_99' title='bbox 1276 2043 1334 2100; x_wconf 77' lang='grc' dir='ltr'>ε..-</span> <span class='ocrx_word' id='word_1_100' title='bbox 1351 2022 1415 2120; x_wconf 61' lang='lat'>30²</span> <span class='ocrx_word' id='word_1_101' title='bbox 1431 2039 1474 2104; x_wconf 90' lang='lat' dir='ltr'>et</span> <span class='ocrx_word' id='word_1_102' title='bbox 1504 2023 1671 2108; x_wconf 87' lang='lat' dir='ltr'>celeritas</span> <span class='ocrx_word' id='word_1_103' title='bbox 1719 2025 1832 2109; x_wconf 87' lang='lat' dir='ltr'>nauis.</span> <span class='ocrx_word' id='word_1_104' title='bbox 1860 2035 1903 2130; x_wconf 62' lang='lat'>1}</span> <span class='ocrx_word' id='word_1_105' title='bbox 1936 2028 2090 2138; x_wconf 84' lang='lat' dir='ltr'>pedum.</span> 
     </span>
     <span class='ocr_line' id='line_1_13' title="bbox 761 2136 2092 2264; baseline 0.014 -38"><span class='ocrx_word' id='word_1_106' title='bbox 761 2136 812 2227; x_wconf 90' lang='lat' dir='ltr'>In</span> <span class='ocrx_word' id='word_1_107' title='bbox 843 2144 967 2226; x_wconf 87' lang='lat' dir='ltr'>altero</span> <span class='ocrx_word' id='word_1_108' title='bbox 995 2141 1079 2228; x_wconf 89' lang='lat' dir='ltr'>casu</span> <span class='ocrx_word' id='word_1_109' title='bbox 1108 2145 1256 2256; x_wconf 89' lang='lat' dir='ltr'>poterit</span> <span class='ocrx_word' id='word_1_110' title='bbox 1286 2147 1584 2260; x_wconf 85' lang='lat' dir='ltr'>quidem&#39;initio</span> <span class='ocrx_word' id='word_1_111' title='bbox 1615 2153 1678 2238; x_wconf 81' lang='lat' dir='ltr'>uis</span> <span class='ocrx_word' id='word_1_112' title='bbox 1707 2151 1930 2264; x_wconf 69' lang='lat' dir='ltr'>integrans</span> <span class='ocrx_word' id='word_1_113' title='bbox 1948 2151 2011 2254; x_wconf 80' lang='lat' dir='ltr'>tlt.</span> <span class='ocrx_word' id='word_1_114' title='bbox 2027 2159 2092 2243; x_wconf 88' lang='lat' dir='ltr'>ad·</span> 
     </span>
     <span class='ocr_line' id='line_1_14' title="bbox 763 2263 2091 2393; baseline 0.012 -37"><span class='ocrx_word' id='word_1_115' title='bbox 763 2266 918 2378; x_wconf 82' lang='lat' dir='ltr'>hiberi,</span> <span class='ocrx_word' id='word_1_116' title='bbox 949 2263 1013 2356; x_wconf 91' lang='lat' dir='ltr'>sed</span> <span class='ocrx_word' id='word_1_117' title='bbox 1044 2275 1133 2383; x_wconf 89' lang='lat' dir='ltr'>quia</span> <span class='ocrx_word' id='word_1_118' title='bbox 1180 2269 1312 2360; x_wconf 70' lang='lat' dir='ltr'>lenum</span> <span class='ocrx_word' id='word_1_119' title='bbox 1355 2277 1692 2393; x_wconf 88' lang='lat' dir='ltr'>&#39;adpropinquante</span> <span class='ocrx_word' id='word_1_120' title='bbox 1735 2284 1825 2366; x_wconf 77' lang='lat' dir='ltr'>narii</span> <span class='ocrx_word' id='word_1_121' title='bbox 1856 2284 1905 2368; x_wconf 89' lang='lat' dir='ltr'>ad</span> <span class='ocrx_word' id='word_1_122' title='bbox 1954 2285 2091 2372; x_wconf 89' lang='lat' dir='ltr'>ancho-</span> 
     </span>
     <span class='ocr_line' id='line_1_15' title="bbox 762 2397 2091 2523; baseline 0.013 -39"><span class='ocrx_word' id='word_1_123' title='bbox 762 2416 850 2485; x_wconf 87' lang='lat' dir='ltr'>ram</span> <span class='ocrx_word' id='word_1_124' title='bbox 880 2397 941 2482; x_wconf 80' lang='lat' dir='ltr'>tia</span> <span class='ocrx_word' id='word_1_125' title='bbox 962 2399 1155 2489; x_wconf 73' lang='lat' dir='ltr'>montano</span> <span class='ocrx_word' id='word_1_126' title='bbox 1173 2420 1352 2518; x_wconf 85' lang='lat' dir='ltr'>propter</span> <span class='ocrx_word' id='word_1_127' title='bbox 1382 2407 1535 2494; x_wconf 72' lang='lat' dir='ltr'>anetam</span> <span class='ocrx_word' id='word_1_128' title='bbox 1558 2433 1562 2438; x_wconf 86' lang='lat'>·</span> <span class='ocrx_word' id='word_1_129' title='bbox 1584 2409 1849 2523; x_wconf 89' lang='lat' dir='ltr'>obliquitatem</span> <span class='ocrx_word' id='word_1_130' title='bbox 1885 2429 1926 2496; x_wconf 89' lang='lat' dir='ltr'>et</span> <span class='ocrx_word' id='word_1_131' title='bbox 1952 2412 2091 2500; x_wconf 83' lang='lat' dir='ltr'>sridiio·</span> 
     </span>
     <span class='ocr_line' id='line_1_16' title="bbox 762 2526 2089 2640; baseline 0.015 -28"><span class='ocrx_word' id='word_1_132' title='bbox 762 2549 859 2612; x_wconf 85' lang='lat' dir='ltr'>nem</span> <span class='ocrx_word' id='word_1_133' title='bbox 891 2526 1110 2639; x_wconf 76' lang='lat' dir='ltr'>minolon,</span> <span class='ocrx_word' id='word_1_134' title='bbox 1139 2531 1331 2640; x_wconf 84' lang='lat' dir='ltr'>ponamus</span> <span class='ocrx_word' id='word_1_135' title='bbox 1362 2538 1536 2624; x_wconf 86' lang='lat' dir='ltr'>mediam</span> <span class='ocrx_word' id='word_1_136' title='bbox 1569 2533 1656 2624; x_wconf 79' lang='lat' dir='ltr'>uim</span> <span class='ocrx_word' id='word_1_137' title='bbox 1685 2541 1756 2638; x_wconf 76' lang='lat' dir='ltr'>elib</span> <span class='ocrx_word' id='word_1_138' title='bbox 1789 2564 1846 2623; x_wconf 83' lang='lat'>20</span> <span class='ocrx_word' id='word_1_139' title='bbox 1865 2537 1926 2638; x_wconf 73' lang='lat' dir='ltr'>tit.</span> <span class='ocrx_word' id='word_1_140' title='bbox 1991 2540 2089 2632; x_wconf 89' lang='lat' dir='ltr'>Cum</span> 
     </span>
     <span class='ocr_line' id='line_1_17' title="bbox 761 2653 2091 2783; baseline 0.017 -46"><span class='ocrx_word' id='word_1_141' title='bbox 761 2671 959 2768; x_wconf 77' lang='lat' dir='ltr'>praeterea</span> <span class='ocrx_word' id='word_1_142' title='bbox 988 2653 1068 2741; x_wconf 90' lang='lat' dir='ltr'>hoc</span> <span class='ocrx_word' id='word_1_143' title='bbox 1097 2658 1140 2746; x_wconf 87' lang='lat' dir='ltr'>itt</span> <span class='ocrx_word' id='word_1_144' title='bbox 1168 2661 1253 2764; x_wconf 86' lang='lat' dir='ltr'>casu</span> <span class='ocrx_word' id='word_1_145' title='bbox 1285 2661 1388 2748; x_wconf 82' lang='lat' dir='ltr'>adiio</span> <span class='ocrx_word' id='word_1_146' title='bbox 1438 2667 1704 2778; x_wconf 86' lang='lat' dir='ltr'>operariorum</span> <span class='ocrx_word' id='word_1_147' title='bbox 1750 2671 1965 2783; x_wconf 82' lang='lat' dir='ltr'>interruptis</span> <span class='ocrx_word' id='word_1_148' title='bbox 2012 2693 2091 2760; x_wconf 91' lang='lat' dir='ltr'>tan·</span> 
     </span>
     <span class='ocr_line' id='line_1_18' title="bbox 766 2780 2094 2908; baseline 0.022 -45"><span class='ocrx_word' id='word_1_149' title='bbox 766 2797 854 2865; x_wconf 89' lang='lat' dir='ltr'>tum</span> <span class='ocrx_word' id='word_1_150' title='bbox 887 2781 1033 2895; x_wconf 75' lang='lat' dir='ltr'>uicibus</span> <span class='ocrx_word' id='word_1_151' title='bbox 1061 2780 1157 2871; x_wconf 85' lang='lat' dir='ltr'>fieri</span> <span class='ocrx_word' id='word_1_152' title='bbox 1176 2789 1333 2898; x_wconf 83' lang='lat' dir='ltr'>potest,</span> <span class='ocrx_word' id='word_1_153' title='bbox 1363 2789 1458 2876; x_wconf 90' lang='lat' dir='ltr'>dum</span> <span class='ocrx_word' id='word_1_154' title='bbox 1491 2819 1623 2880; x_wconf 87' lang='lat' dir='ltr'>manus</span> <span class='ocrx_word' id='word_1_155' title='bbox 1653 2797 1804 2908; x_wconf 86' lang='lat' dir='ltr'>semper</span> <span class='ocrx_word' id='word_1_156' title='bbox 1831 2799 1879 2884; x_wconf 87' lang='lat' dir='ltr'>de</span> <span class='ocrx_word' id='word_1_157' title='bbox 1903 2825 2019 2886; x_wconf 66' lang='lat' dir='ltr'>‘nouo</span> <span class='ocrx_word' id='word_1_158' title='bbox 2033 2804 2094 2891; x_wconf 86' lang='lat' dir='ltr'>arl-</span> 
     </span>
    </p>

    <p class='ocr_par' dir='ltr' id='par_1_3' title="bbox 631 2907 2092 3413">
     <span class='ocr_line' id='line_1_19' title="bbox 631 2907 2092 3040; baseline 0.021 -51"><span class='ocrx_word' id='word_1_159' title='bbox 631 2967 685 3005; x_wconf 27' lang='lat' dir='ltr'>xx</span> <span class='ocrx_word' id='word_1_160' title='bbox 763 2907 905 3020; x_wconf 78' lang='lat' dir='ltr'>plicare</span> <span class='ocrx_word' id='word_1_161' title='bbox 936 2927 1153 3024; x_wconf 82' lang='lat' dir='ltr'>coguntur,</span> <span class='ocrx_word' id='word_1_162' title='bbox 1183 2939 1387 3004; x_wconf 85' lang='lat' dir='ltr'>numerum</span> <span class='ocrx_word' id='word_1_163' title='bbox 1405 2936 1568 3011; x_wconf 79' lang='lat' dir='ltr'>tantum</span> <span class='ocrx_word' id='word_1_164' title='bbox 1602 2925 1808 3012; x_wconf 88' lang='lat' dir='ltr'>dimidium</span> <span class='ocrx_word' id='word_1_165' title='bbox 1839 2931 2092 3040; x_wconf 83' lang='lat' dir='ltr'>operrrionrm</span> 
     </span>
     <span class='ocr_line' id='line_1_20' title="bbox 760 3034 2090 3169; baseline 0.018 -47"><span class='ocrx_word' id='word_1_166' title='bbox 760 3038 806 3122; x_wconf 87' lang='lat' dir='ltr'>in</span> <span class='ocrx_word' id='word_1_167' title='bbox 836 3034 984 3123; x_wconf 88' lang='lat' dir='ltr'>calculo</span> <span class='ocrx_word' id='word_1_168' title='bbox 1019 3040 1201 3128; x_wconf 82' lang='lat' dir='ltr'>ad‘nmere</span> <span class='ocrx_word' id='word_1_169' title='bbox 1231 3043 1395 3157; x_wconf 89' lang='lat' dir='ltr'>licebit,</span> <span class='ocrx_word' id='word_1_170' title='bbox 1427 3052 1562 3161; x_wconf 88' lang='lat' dir='ltr'>quibus</span> <span class='ocrx_word' id='word_1_171' title='bbox 1591 3051 1787 3168; x_wconf 89' lang='lat' dir='ltr'>suppofitis</span> <span class='ocrx_word' id='word_1_172' title='bbox 1816 3060 1946 3169; x_wconf 89' lang='lat' dir='ltr'>prodit</span> <span class='ocrx_word' id='word_1_173' title='bbox 1975 3086 2007 3147; x_wconf 83' lang='lat' dir='ltr'><em>x</em></span> <span class='ocrx_word' id='word_1_174' title='bbox 2027 3066 2090 3146; x_wconf 78' lang='lat' dir='ltr'>ite</span> 
     </span>
     <span class='ocr_line' id='line_1_21' title="bbox 763 3170 2092 3301; baseline 0.017 -48"><span class='ocrx_word' id='word_1_175' title='bbox 763 3174 850 3253; x_wconf 74' lang='lat' dir='ltr'>itam</span> <span class='ocrx_word' id='word_1_176' title='bbox 872 3172 941 3248; x_wconf 61' lang='grc' dir='ltr'>*ε</span> <span class='ocrx_word' id='word_1_177' title='bbox 958 3181 993 3268; x_wconf 68' lang='lat' dir='ltr'>is</span> <span class='ocrx_word' id='word_1_178' title='bbox 1008 3187 1050 3254; x_wconf 91' lang='lat' dir='ltr'>et</span> <span class='ocrx_word' id='word_1_179' title='bbox 1077 3170 1249 3258; x_wconf 78' lang='lat' dir='ltr'>celeritas</span> <span class='ocrx_word' id='word_1_180' title='bbox 1278 3176 1384 3260; x_wconf 88' lang='lat' dir='ltr'>nauis</span> <span class='ocrx_word' id='word_1_181' title='bbox 1408 3202 1474 3284; x_wconf 22' lang='lat'>¹:</span> <span class='ocrx_word' id='word_1_182' title='bbox 1496 3192 1541 3286; x_wconf 61' lang='lat' dir='ltr'>r}</span> <span class='ocrx_word' id='word_1_183' title='bbox 1557 3182 1677 3293; x_wconf 86' lang='lat' dir='ltr'>pedis.</span> <span class='ocrx_word' id='word_1_184' title='bbox 1750 3183 1952 3301; x_wconf 76' lang='lat' dir='ltr'>Quoniam</span> <span class='ocrx_word' id='word_1_185' title='bbox 2001 3216 2092 3275; x_wconf 81' lang='lat' dir='ltr'>uero</span> 
     </span>
     <span class='ocr_line' id='line_1_22' title="bbox 761 3288 2092 3413; baseline 0.021 -35"><span class='ocrx_word' id='word_1_186' title='bbox 761 3288 842 3379; x_wconf 88' lang='lat' dir='ltr'>lroc</span> <span class='ocrx_word' id='word_1_187' title='bbox 875 3292 916 3377; x_wconf 86' lang='lat' dir='ltr'>in</span> <span class='ocrx_word' id='word_1_188' title='bbox 947 3293 1031 3381; x_wconf 89' lang='lat' dir='ltr'>casu</span> <span class='ocrx_word' id='word_1_189' title='bbox 1061 3299 1228 3385; x_wconf 89' lang='lat' dir='ltr'>anchora</span> <span class='ocrx_word' id='word_1_190' title='bbox 1259 3300 1403 3413; x_wconf 72' lang='lat' dir='ltr'>fiepius</span> <span class='ocrx_word' id='word_1_191' title='bbox 1420 3346 1426 3353; x_wconf 92' lang='lat'><strong>·</strong></span> <span class='ocrx_word' id='word_1_192' title='bbox 1441 3306 1578 3395; x_wconf 90' lang='lat' dir='ltr'>iterum</span> <span class='ocrx_word' id='word_1_193' title='bbox 1623 3311 1759 3397; x_wconf 89' lang='lat' dir='ltr'>eleuari</span> <span class='ocrx_word' id='word_1_194' title='bbox 1806 3334 1846 3401; x_wconf 87' lang='lat' dir='ltr'>et</span> <span class='ocrx_word' id='word_1_195' title='bbox 1893 3318 1943 3403; x_wconf 89' lang='lat' dir='ltr'>de</span> <span class='ocrx_word' id='word_1_196' title='bbox 1992 3336 2092 3406; x_wconf 88' lang='lat' dir='ltr'>nouo</span> 
     </span>
    </p>

    <p class='ocr_par' dir='ltr' id='par_1_4' title="bbox 671 3418 2114 4701">
     <span class='ocr_line' id='line_1_23' title="bbox 671 3418 2093 3538; baseline 0.023 -35"><span class='ocrx_word' id='word_1_197' title='bbox 671 3498 674 3503; x_wconf 75' lang='grc'>,</span> <span class='ocrx_word' id='word_1_198' title='bbox 763 3418 916 3506; x_wconf 87' lang='lat' dir='ltr'>eminus</span> <span class='ocrx_word' id='word_1_199' title='bbox 946 3424 1083 3533; x_wconf 86' lang='lat' dir='ltr'>proiiti</span> <span class='ocrx_word' id='word_1_200' title='bbox 1115 3428 1260 3538; x_wconf 86' lang='lat' dir='ltr'>debet,</span> <span class='ocrx_word' id='word_1_201' title='bbox 1292 3430 1495 3521; x_wconf 89' lang='lat' dir='ltr'>dimidium</span> <span class='ocrx_word' id='word_1_202' title='bbox 1546 3454 1694 3525; x_wconf 85' lang='lat' dir='ltr'>tantum</span> <span class='ocrx_word' id='word_1_203' title='bbox 1743 3442 1853 3529; x_wconf 83' lang='lat' dir='ltr'>huitu</span> <span class='ocrx_word' id='word_1_204' title='bbox 1900 3446 2093 3535; x_wconf 86' lang='lat' dir='ltr'>celeritatis</span> 
     </span>
     <span class='ocr_line' id='line_1_24' title="bbox 760 3551 2092 3685; baseline 0.023 -51"><span class='ocrx_word' id='word_1_205' title='bbox 760 3564 840 3664; x_wconf 78' lang='lat' dir='ltr'>pro</span> <span class='ocrx_word' id='word_1_206' title='bbox 869 3551 1047 3662; x_wconf 80' lang='lat' dir='ltr'>coutimn</span> <span class='ocrx_word' id='word_1_207' title='bbox 1079 3558 1245 3668; x_wconf 87' lang='lat' dir='ltr'>quadam</span> <span class='ocrx_word' id='word_1_208' title='bbox 1277 3558 1508 3665; x_wconf 66' lang='lat' dir='ltr'>celeritate„</span> <span class='ocrx_word' id='word_1_209' title='bbox 1516 3572 1663 3677; x_wconf 88' lang='lat' dir='ltr'>poterit</span> <span class='ocrx_word' id='word_1_210' title='bbox 1711 3574 1873 3685; x_wconf 87' lang='lat' dir='ltr'>alluml,</span> <span class='ocrx_word' id='word_1_211' title='bbox 1923 3576 2092 3677; x_wconf 75' lang='lat' dir='ltr'>scilicetl</span> 
     </span>
     <span class='ocr_line' id='line_1_25' title="bbox 758 3677 2114 3819; baseline 0.026 -59"><span class='ocrx_word' id='word_1_212' title='bbox 758 3677 886 3791; x_wconf 79' lang='lat' dir='ltr'>pedis.</span> <span class='ocrx_word' id='word_1_213' title='bbox 924 3680 1042 3767; x_wconf 85' lang='lat' dir='ltr'>·Hoe</span> <span class='ocrx_word' id='word_1_214' title='bbox 1069 3685 1178 3772; x_wconf 81' lang='lat' dir='ltr'>idern</span> <span class='ocrx_word' id='word_1_215' title='bbox 1207 3687 1509 3783; x_wconf 81' lang='lat' dir='ltr'>incommodum</span> <span class='ocrx_word' id='word_1_216' title='bbox 1541 3697 1641 3783; x_wconf 84' lang='lat' dir='ltr'>adell</span> <span class='ocrx_word' id='word_1_217' title='bbox 1671 3698 1769 3784; x_wconf 87' lang='lat' dir='ltr'>circa</span> <span class='ocrx_word' id='word_1_218' title='bbox 1803 3705 1959 3819; x_wconf 88' lang='lat' dir='ltr'>tertium</span> <span class='ocrx_word' id='word_1_219' title='bbox 2004 3732 2114 3793; x_wconf 35' lang='lat' dir='ltr'>rno-ae</span> 
     </span>
     <span class='ocr_line' id='line_1_26' title="bbox 755 3807 2094 3945; baseline 0.025 -53"><span class='ocrx_word' id='word_1_220' title='bbox 755 3807 892 3914; x_wconf 83' lang='lat' dir='ltr'>dum,</span> <span class='ocrx_word' id='word_1_221' title='bbox 917 3810 992 3920; x_wconf 87' lang='lat' dir='ltr'>-qui</span> <span class='ocrx_word' id='word_1_222' title='bbox 1020 3811 1112 3905; x_wconf 84' lang='lat' dir='ltr'>alias</span> <span class='ocrx_word' id='word_1_223' title='bbox 1126 3812 1226 3902; x_wconf 82' lang='lat' dir='ltr'>inter</span> <span class='ocrx_word' id='word_1_224' title='bbox 1255 3816 1420 3930; x_wconf 86' lang='lat' dir='ltr'>reliquos</span> <span class='ocrx_word' id='word_1_225' title='bbox 1450 3824 1594 3911; x_wconf 83' lang='lat' dir='ltr'>modos</span> <span class='ocrx_word' id='word_1_226' title='bbox 1612 3826 1719 3913; x_wconf 74' lang='lat' dir='ltr'>soret</span> <span class='ocrx_word' id='word_1_227' title='bbox 1737 3832 2094 3945; x_wconf 77' lang='lat' dir='ltr'>praestantilllmus,</span> 
     </span>
     <span class='ocr_line' id='line_1_27' title="bbox 762 3934 2095 4071; baseline 0.025 -50"><span class='ocrx_word' id='word_1_228' title='bbox 762 3934 832 4021; x_wconf 79' lang='lat' dir='ltr'>rbi</span> <span class='ocrx_word' id='word_1_229' title='bbox 850 3934 1000 4048; x_wconf 21' lang='lat' dir='ltr'>&#39;scilicet</span> <span class='ocrx_word' id='word_1_230' title='bbox 1023 3936 1117 4024; x_wconf 86' lang='lat' dir='ltr'>lime</span> <span class='ocrx_word' id='word_1_231' title='bbox 1145 3941 1290 4053; x_wconf 85' lang='lat' dir='ltr'>cirtttm</span> <span class='ocrx_word' id='word_1_232' title='bbox 1324 3966 1499 4057; x_wconf 84' lang='lat' dir='ltr'>ergatam</span> <span class='ocrx_word' id='word_1_233' title='bbox 1516 3956 1735 4059; x_wconf 86' lang='lat' dir='ltr'>conuoluto</span> <span class='ocrx_word' id='word_1_234' title='bbox 1753 3964 1916 4071; x_wconf 82' lang='lat' dir='ltr'>operarii</span> <span class='ocrx_word' id='word_1_235' title='bbox 1949 3988 2095 4053; x_wconf 87' lang='lat' dir='ltr'>nauem</span> 
     </span>
     <span class='ocr_line' id='line_1_28' title="bbox 760 4066 2096 4197; baseline 0.025 -50"><span class='ocrx_word' id='word_1_236' title='bbox 760 4077 877 4148; x_wconf 90' lang='lat' dir='ltr'>motu</span> <span class='ocrx_word' id='word_1_237' title='bbox 905 4066 1096 4153; x_wconf 78' lang='lat' dir='ltr'>tondum</span> <span class='ocrx_word' id='word_1_238' title='bbox 1126 4068 1342 4187; x_wconf 84' lang='lat' dir='ltr'>propellere</span> <span class='ocrx_word' id='word_1_239' title='bbox 1371 4078 1554 4193; x_wconf 85' lang='lat' dir='ltr'>pollirnt;</span> <span class='ocrx_word' id='word_1_240' title='bbox 1587 4084 1710 4195; x_wconf 87' lang='lat' dir='ltr'>pofita</span> <span class='ocrx_word' id='word_1_241' title='bbox 1754 4088 1864 4195; x_wconf 79' lang='lat' dir='ltr'>enim</span> <span class='ocrx_word' id='word_1_242' title='bbox 1890 4072 1963 4197; x_wconf 59' lang='lat' dir='ltr'>&#39;tif</span> <span class='ocrx_word' id='word_1_243' title='bbox 1983 4098 2096 4180; x_wconf 74' lang='lat' dir='ltr'>nnius</span> 
     </span>
     <span class='ocr_line' id='line_1_29' title="bbox 761 4191 2096 4332; baseline 0.025 -60"><span class='ocrx_word' id='word_1_244' title='bbox 761 4207 811 4273; x_wconf 79' lang='lat' dir='ltr'>ur</span> <span class='ocrx_word' id='word_1_245' title='bbox 839 4209 926 4276; x_wconf 87' lang='lat' dir='ltr'>ante</span> <span class='ocrx_word' id='word_1_246' title='bbox 959 4191 1112 4305; x_wconf 75' lang='lat' dir='ltr'>nolit,</span> <span class='ocrx_word' id='word_1_247' title='bbox 1144 4201 1390 4305; x_wconf 54' lang='lat' dir='ltr'>eritar..···:.÷(⁵</span> <span class='ocrx_word' id='word_1_248' title='bbox 1406 4208 1511 4317; x_wconf 87' lang='lat' dir='ltr'>pedis</span> <span class='ocrx_word' id='word_1_249' title='bbox 1542 4230 1583 4295; x_wconf 92' lang='lat' dir='ltr'>et</span> <span class='ocrx_word' id='word_1_250' title='bbox 1613 4210 1780 4313; x_wconf 85' lang='lat' dir='ltr'>celeritas</span> <span class='ocrx_word' id='word_1_251' title='bbox 1809 4219 1916 4303; x_wconf 89' lang='lat' dir='ltr'>nauis</span> <span class='ocrx_word' id='word_1_252' title='bbox 1945 4220 2028 4332; x_wconf 86' lang='lat' dir='ltr'>ipsa</span> <span class='ocrx_word' id='word_1_253' title='bbox 2052 4232 2096 4323; x_wconf 64' lang='lat' dir='ltr'>a}</span> 
     </span>
     <span class='ocr_line' id='line_1_30' title="bbox 752 4316 2097 4459; baseline 0.026 -57"><span class='ocrx_word' id='word_1_254' title='bbox 752 4316 883 4429; x_wconf 74' lang='lat' dir='ltr'>pedis</span> <span class='ocrx_word' id='word_1_255' title='bbox 935 4320 1027 4446; x_wconf 79' lang='lat' dir='ltr'>Sed</span> <span class='ocrx_word' id='word_1_256' title='bbox 1053 4347 1237 4444; x_wconf 85' lang='lat' dir='ltr'>propter·</span> <span class='ocrx_word' id='word_1_257' title='bbox 1252 4329 1425 4443; x_wconf 79' lang='lat' dir='ltr'>allegatas</span> <span class='ocrx_word' id='word_1_258' title='bbox 1456 4339 1617 4447; x_wconf 75' lang='lat' dir='ltr'>munnae</span> <span class='ocrx_word' id='word_1_259' title='bbox 1649 4342 1760 4451; x_wconf 78' lang='lat' dir='ltr'>huius</span> <span class='ocrx_word' id='word_1_260' title='bbox 1786 4346 1988 4459; x_wconf 75' lang='lat' dir='ltr'>celeritatis</span> <span class='ocrx_word' id='word_1_261' title='bbox 2031 4354 2097 4437; x_wconf 90' lang='lat' dir='ltr'>iti·</span> 
     </span>
     <span class='ocr_line' id='line_1_31' title="bbox 758 4442 2101 4593; baseline 0.027 -32"><span class='ocrx_word' id='word_1_262' title='bbox 758 4442 858 4561; x_wconf 63' lang='lat' dir='ltr'>dem</span> <span class='ocrx_word' id='word_1_263' title='bbox 887 4458 1040 4533; x_wconf 76' lang='lat' dir='ltr'>onam</span> <span class='ocrx_word' id='word_1_264' title='bbox 1069 4454 1349 4575; x_wconf 63' lang='grc' dir='ltr'>ΜΡως</span> <span class='ocrx_word' id='word_1_265' title='bbox 1384 4473 1428 4567; x_wconf 63' lang='lat'>12</span> <span class='ocrx_word' id='word_1_266' title='bbox 1460 4466 1673 4585; x_wconf 59' lang='lat' dir='ltr'>redium</span> <span class='ocrx_word' id='word_1_267' title='bbox 1701 4473 1883 4593; x_wconf 69' lang='lat' dir='ltr'>mous</span> <span class='ocrx_word' id='word_1_268' title='bbox 1923 4482 2101 4593; x_wconf 63' lang='lat' dir='ltr'>amdan</span> 
     </span>
     <span class='ocr_line' id='line_1_32' title="bbox 780 4608 2099 4701; baseline 0.014 -18"><span class='ocrx_word' id='word_1_269' title='bbox 780 4620 797 4666; x_wconf 67' lang='grc' dir='ltr'><strong>τ</strong></span> <span class='ocrx_word' id='word_1_270' title='bbox 1421 4658 1424 4667; x_wconf 84' lang='lat'><em>.</em></span> <span class='ocrx_word' id='word_1_271' title='bbox 1937 4608 2099 4701; x_wconf 78' lang='lat' dir='ltr'>celeri·</span> 
     </span>
    </p>
   </div>
   <div class='ocr_carea' id='block_1_3' title="bbox 0 0 2243 5892">
    <p class='ocr_par' dir='ltr' id='par_1_5' title="bbox 0 0 2243 5892">
     <span class='ocr_line' id='line_1_33' title="bbox 0 0 2243 5892; baseline 0 0"><span class='ocrx_word' id='word_1_272' title='bbox 0 0 2243 5892; x_wconf 95' lang='lat' dir='ltr'> </span> 
     </span>
    </p>
   </div>
  </div>
 </body>
</html>
