4475 5900
749 468 841 554 290
1083 435 1167 530 DE
1196 423 1414 528 BESTHS
1444 421 1720 522 mantuus.

650 699 656 710 ·
748 669 878 764 dinem
903 672 1115 780 concernit,
1133 665 1317 786 pilonrm'
1332 661 1593 750 denfitatemut
1626 661 1812 768 climate,
1846 660 1949 772 quod
1976 659 2079 774 pilo-

748 800 836 892 rum
868 803 1042 889 colorem
1077 797 1238 886 avictu
1271 789 1549 907 proficiscinrr:
1584 791 1649 876 vbi
1682 787 1834 876 Larices
1865 789 1960 876 folio
2002 819 2079 878 nnn

750 935 915 1018 deciduo
946 933 1007 1016 seu
1047 924 1165 1014 Cedri
1195 924 1312 1035 vulgo
1358 921 1450 1008 dieti
1482 941 1522 1004 et
1554 919 1657 1026 Fini,
1691 919 1743 1002 ibi
1785 917 1881 1028 pilus
1912 922 2081 1008 cinereus

739 1061 941 1168 albicans,
972 1058 1039 1144 nbi
1072 1057 1203 1141 larices
1233 1051 1327 1136 folio
1359 1050 1523 1134 deciduo
1541 1115 1553 1158 ,
1571 1047 1743 1156 abietes,
1782 1047 1834 1130 ibi
1867 1049 1981 1160 nigro
1998 1051 2081 1162 pilo

747 1206 961 1274 occurram.
1027 1183 1133 1270 Inter
1163 1180 1344 1268 animalia
1375 1180 1525 1266 marina
1563 1175 1639 1262 sola
1674 1177 1802 1262 Phoca
1851 1175 1938 1284 est,
1987 1194 2085 1290 qtae

644 1394 648 1402 .
747 1343 829 1404 non
859 1335 1008 1402 tantum
1037 1313 1162 1399 ubiuis
1211 1329 1398 1394 terrarum
1428 1309 1469 1390 in
1498 1305 1689 1413 Oceano,
1742 1328 1880 1411 vermn
1910 1306 1950 1392 iu
1982 1308 2083 1392 mari

746 1443 957 1555 Balthic0,
1000 1440 1141 1554 Caspio
1189 1457 1243 1535 et,
1259 1436 1408 1526 lacubus
1439 1436 1581 1522 nullam
1612 1459 1701 1518 curn
1733 1433 1832 1517 mari
1855 1437 2083 1546 communis

749 1579 940 1660 cariorem
977 1569 1239 1678 habentibus,
1279 1583 1325 1650 ut
1357 1566 1397 1650 in
1430 1559 1676 1649 lacu'Bnilml
1707 1582 1749 1647 et
1781 1557 1915 1672 Oton,
1950 1567 2081 1676 quouis

750 1715 929 1812 tempore
959 1701 1180 1806 inuenitur,
1212 1695 1410 1792 intercedrt
1435 1693 1575 1780 nihilo
1622 1710 1753 1776 tamen
1803 1691 1932 1776 minus
1981 1691 2079 1782 haec
2204 1713 2205 1754 l

749 1827 991 1938 differentia,
1033 1845 1079 1913 nt
1127 1824 1256 1912 Phoca
1301 1821 1505 1912 Oceanica·
1534 1818 1846 1922 communillrma
1877 1845 1899 1904 a
1930 1821 2083 1934 reliquis

747 1960 927 2044 omnibns
953 1957 1127 2070 specifice
1158 1953 1286 2038 colore
1319 1951 1490 2038 distincta
1525 1949 1599 2059 fit,
1630 1951 1766 2062 gaudet
1797 1972 1946 2060 nempe
1998 1951 2081 2060 pilo

746 2085 949 2172 lucescente
978 2113 1022 2170 ac
1040 2090 1077 2171 in
1097 2079 1299 2194 posteriori
1329 2082 1504 2191 corporis
1524 2080 1726 2164 medietate
1743 2078 1934 2188 macedam
1954 2081 2083 2164 maxi-

745 2238 854 2299 mam
895 2214 1078 2300 castaneas
1109 2208 1238 2296 colore
1269 2208 1532 2312 aemulantem
1570 2205 1743 2315 obtinet,
1783 2229 1877 2318 qnae
1928 2211 2080 2293 tertiam

746 2366 898 2452 partem
932 2345 1070 2454 integri
1100 2337 1196 2424 corii
1237 2355 1412 2446 occupat.

773 2524 776 2530 -
808 2469 1012 2583 Dissingno
1026 2490 1154 2558 autem
1173 2461 1316 2574 phocas
1334 2466 1475 2552 ratione
1490 2463 1760 2579 magnitudinis
1775 2465 1817 2549 in
1834 2483 1910 2550 tres
1926 2461 2079 2574 species,

744 2599 785 2697 in
803 2606 1023 2684 maximam
1043 2622 1166 2708 ,qrne
1182 2593 1632 2702 magninrdineTaurum
1651 2595 1830 2706 superat,
1865 2618 1910 2694 ac
1936 2591 2081 2678 solum·

747 2727 872 2812 modo
891 2729 929 2808 in
947 2749 1096 2809 oceano
1113 2710 1304 2825 Orientali
1325 2723 1481 2832 ngrudu
1507 2724 1713 2810 latitudinis
1735 2729 1810 2826 5⁶·
1830 2721 1878 2804 ad
1901 2740 1977 2825 59.
2014 2746 2082 2806 oc·

744 2843 1728 2960 currit,aciucolisllamtlclraticisLachtaltvocatur.
1754 2851 1912 2942 Mediae
1929 2850 2079 2960 magui-

746 2981 884 3075 tudinis
902 3046 913 3089 ,
932 3006 1028 3093 quae
1043 3006 1180 3069 omnes
1196 2978 1397 3087 Tigridum
1418 2982 1559 3091 instar,
1588 2978 1717 3067 multis
1751 2981 1893 3090 exiguis
1923 2980 2081 3065 maculis

682 3108 692 3129 '
744 3113 871 3199 uariae
888 3114 970 3195 sunt
989 3178 1002 3218 ,
1024 3133 1066 3209 a.
1087 3110 1246 3197 infimae
1266 3111 1563 3218 magnitudinis,
1585 3128 1628 3193 vt
1645 3108 1859 3215 Oceanica,
1876 3132 1974 3221 quae
1998 3124 2080 3193 tam

685 3292 691 3303 ·
740 3238 782 3321 in
803 3241 903 3323 mari
919 3234 1094 3322 Balthie'o
1109 3304 1122 3345 ,
1140 3263 1254 3348 quam
1274 3235 1373 3321 circa
1391 3258 1548 3349 portum
1567 3232 1626 3323 Sti
1644 3235 1905 3351 Archangeli,
1923 3236 1964 3319 in
1983 3228 2076 3321 Sue·

739 3368 798 3449 cia
816 3430 827 3473 ,
846 3364 1059 3475 Nonvegia
1076 3431 1088 3475 ,
1105 3368 1290 3449 America
1306 3379 1346 3448 et
1364 3363 1634 3453 llamtscl'ratka
1649 3369 1817 3478 capitur,
1843 3384 1884 3449 et
1910 3362 2076 3451 lacullris

737 3492 904 3578 dulcium
923 3520 1106 3607 aquatum
1124 3492 1363 3578 monochtoa
1381 3490 1442 3579 seu
1463 3493 1641 3581 unicolor
1658 3559 1670 3603 ,
1686 3514 1731 3579 vt
1748 3490 1896 3579 Baikali
1914 3558 1927 3601 ,
1945 3518 1990 3577 ea
2005 3518 2072 3579 co-

736 3618 829 3709 lon's
844 3626 1031 3733 argentei.
1049 3619 1206 3723 Siuero
1222 3640 1447 3734 quaeratur,
1481 3650 1596 3737 quare
1629 3624 1706 3711 hoc
1727 3622 1852 3709 solum
1880 3620 2073 3745 amphibii

735 3774 852 3858 genus
871 3753 992 3837 ubiuis
1008 3772 1186 3837 terrarum
1204 3750 1415 3835 inceano
1435 3771 1475 3837 et
1497 3754 1646 3839 lacubus
1661 3751 1799 3864 degat,
1814 3748 1962 3837 caulam
1986 3750 2071 3835 red-
2206 3780 2207 3799 ¹

732 3878 810 3984 do,
834 3882 940 3992 quod
959 3879 1143 3981 uniformi
1159 3898 1200 3962 et
1216 3880 1340 3963 ubiuis
1357 3898 1546 3967 terranem
1564 3882 1796 3993 reperirrndo
1813 3879 1920 3965 rictu
1937 3896 2069 3963 utanrr

731 3998 873 4093 scilicet
906 4008 1064 4119 piscibus
1093 4026 1134 4090 et
1165 4007 1365 4115 carnibus,
1398 4011 1508 4097 aliter
1540 4008 1577 4095 se
1607 4034 1665 4093 res
1694 4008 1815 4093 hnbet
1845 4032 1936 4117 cum
1980 4004 2068 4092 Ma·
2206 4082 2207 4127 ,

731 4137 832 4241 neti,
864 4139 968 4248 quud
990 4136 1101 4225 certis
1132 4132 1379 4223 solummodo
1395 4140 1488 4225 fucis
1522 4139 1678 4226 marinis
1696 4138 1864 4222 vestitur
1881 4158 1962 4219 non
1979 4136 2068 4220 ubi·
2206 4166 2207 4229 r

730 4256 786 4345 rtis
802 4260 922 4346 obuiis
939 4284 980 4347 et
1004 4269 1057 4353 ob
1075 4262 1299 4351 strudturam
1315 4268 1487 4379 corporis
1504 4272 1549 4353 iu
1568 4268 1663 4352 locis
1678 4264 1826 4350 uadosis
1843 4288 1923 4351 non
1948 4263 2073 4350 ubiuis

634 4392 643 4401 “
728 4388 860 4479 uiuere
888 4392 1016 4512 polilt.
1043 4394 1173 4501 Lutra
1203 4395 1348 4485 marina
1378 4399 1523 4489 cancris
1556 4414 1598 4491 et
1627 4393 1841 4507 conchyliis
1863 4390 2071 4499 victitans,
