4475 5900
414 476 501 579 DE
531 466 803 568 uVMunrs
834 464 1172 569 aaronem·
1399 474 1464 590 '83

249 698 288 803 5.
311 733 353 813 9.
389 708 462 795 His
504 708 711 821 praemiffis
753 708 854 797 haud
899 706 1053 795 difficile
1086 713 1157 796 erit
1187 716 1471 829 pronuntiare,

133 834 226 955 utti'd
258 840 489 927 statuendum
525 842 569 925 stt
602 844 650 926 de
671 840 874 927 Michac'lis
888 838 1066 927 Gottlieb
1086 841 1261 925 Hanschii
1286 837 1328 927 S.
1357 837 1467 933 Caes.

136 996 175 1053 et
208 966 325 1052 Cath.
366 964 459 1081 maj.
495 966 731 1077 Consilium,
760 970 931 1053 Theoria
948 970 1227 1056 Arithmetices
1256 977 1402 1058 nouisa
1433 970 1470 1060 le

140 1100 302 1182 inuentis
333 1100 473 1193 austu,
506 1123 622 1207 quam
656 1100 696 1181 in
731 1098 884 1207 epistola
915 1104 1078 1209 quadam
1113 1123 1198 1184 ante
1232 1126 1374 1187 nouem
1402 1130 1467 1189 an·

136 1250 228 1331 noa,
258 1222 334 1308 scil.
369 1223 528 1309 Calend.
563 1222 669 1335 Sept.
712 1246 849 1331 1739.
884 1228 1138 1314 Vindobouae
1169 1233 1216 1315 ad
1245 1230 1468 1315 Marthama.

133 1355 234 1437 ticos
265 1356 352 1438 data
385 1355 589 1467 exposuit,
620 1379 714 1463 quae
754 1381 833 1438 non
886 1358 952 1441 nifi
1003 1356 1086 1441 Αο.
1146 1371 1280 1465 1748.
1342 1359 1471 1447 mense

135 1479 339 1593 septembri
373 1485 574 1567 nobiscum
607 1486 888 1569 communicata
925 1486 990 1570 eil.
1064 1512 1067 1519 ’

253 1614 288 1711 §.
316 1639 384 1715 ro,
420 1608 604 1696 Continet
664 1632 793 1697 autem
855 1617 1046 1724 praedicta
1099 1616 1258 1726 epistola
1308 1620 1469 1708 triadem

134 1734 459 1857 ’προβλημάτων
492 1738 587 1859 prael
621 1764 701 1825 των
732 1750 888 1825 cruatur
922 1739 1153 1855 acerbatur,
1202 1772 1317 1854 quam
1353 1748 1471 1857 speci-

135 1873 256 1954 minis
288 1874 378 1954 loco
409 1870 578 1955 examini
611 1868 898 1977 intelligentium
918 1870 1104 1963 submittit
1123 1872 1184 1953 sir
1203 1868 1287 1955 Cel.
1308 1892 1353 1955 vt
1379 1900 1472 1961 exa-

136 1999 230 2081 inde
262 1999 408 2081 constet
439 1998 548 2107 quale
581 1998 763 2079 iudicium
797 1996 846 2079 de
879 1998 929 2079 lis
963 1996 1157 2083 ferendum
1192 2000 1254 2106 fit,
1290 2028 1387 2110 quae
1404 2001 1471 2090 Cl.

138 2124 290 2209 Autore
326 2128 425 2209 circa
460 2124 642 2235 genesin,
673 2122 860 2230 analysrn‚
893 2144 1015 2237 partes
1045 2143 1157 2238 atque
1187 2134 1378 2213 summam
1400 2158 1472 2252 ou,-

136 2278 339 2338 merorum
373 2257 603 2363 integrorum
638 2253 876 2337 rationalium
911 2256 1113 2337 tentauerit
1154 2274 1193 2339 et
1233 2282 1326 2363 quae
1368 2284 1471 2342 nraua

134 2382 198 2465 sua
249 2381 533 2467 Arithmeticae
565 2378 715 2465 theoria
747 2380 895 2466 vberius
927 2382 1156 2489 declarabit,
1196 2410 1292 2491 quae
1332 2410 1475 2475 veram

132 2512 344 2596 continebit
375 2512 609 2595 methodum
642 2510 842 2617 detegendi
882 2526 1127 2594 numerorum
1160 2510 1354 2617 mysteria.
1397 2610 1403 2617 ⁸

203 2636 304 2728 Sunt
336 2660 464 2725 autem
498 2638 738 2751 problemata
769 2634 986 2749 sequentia:

265 2780 338 2849 1¹¹¹n
371 2768 544 2855 Inueuire
575 2790 754 2853 numeros
782 2772 930 2877 primos
964 2768 1219 2883 persedorum
1262 2772 1473 2894 proauaof

133 2924 196 2988 res
228 2922 278 2982 ex
309 2900 394 2984 data
427 2922 561 2982 eorum
594 2922 617 2981 a
645 2920 893 2982 numerorum
925 2902 1142 3012 primorum
1162 2903 1201 2984 in
1223 2904 1354 2986 ordine
1387 2890 1472 3014 pri·

133 3054 209 3116 mo
225 3026 408 3111 distantia.

262 3147 357 3234 ΞΜ
390 3151 570 3240 Inuenire
601 3174 783 3238 numeros
818 3151 1007 3263 persedos
1039 3155 1080 3236 in
1115 3153 1310 3240 inlinitum
1338 3179 1388 3241 ex
1405 3157 1476 3242 da·

136 3303 180 3374 ta
211 3309 353 3369 conam
388 3309 410 3368 a
443 3283 613 3392 perfeeto
643 3283 777 3396 primo
807 3281 992 3368 distantia.
1069 3292 1072 3298 ’
1142 3287 1146 3302 ’

261 3425 339 3510 3⁰³¹
375 3409 550 3496 inuenire
582 3411 713 3496 seriem
747 3435 994 3499 numerorum
1033 3413 1206 3523 parium,
1233 3441 1329 3526 quae
1347 3419 1475 3504 corti·
1524 3362 1576 3461 ο

143 3559 237 3628 nent
270 3541 485 3681 terminos,
517 3543 614 3649 qui,
646 3565 714 3650 per
745 3542 953 3624 terminum
986 3541 1090 3625 stariei
1123 3545 1294 3654 primum
1328 3543 1474 3658 diuifi,

140 3673 234 3756 dent
269 3695 451 3755 numeros
481 3667 670 3778 perfectos
700 3691 837 3752 omnes
856 3693 1067 3780 ,excepto
1102 3669 1274 3782 persedio
1306 3677 1453 3784 primo.

203 3799 285 3884 His
333 3797 449 3882 tribus
490 3796 787 3940 problematibus
818 3798 959 3884 tabulas
990 3819 1062 3884 tres
1077 3802 1213 3885 adiecit
1247 3799 1472 3910 sequentes:

265 3937 338 4007 1¹⁰²
375 3923 570 4012 Numerus
600 3925 752 4039 primos
802 3951 876 4012 20.
910 3929 1170 4041 pertedtorum
1221 3929 1477 4087 produdtores

140 4055 371 4167 exhibetp.
413 4065 453 4139 8

265 4179 327 4264 2⁶²
358 4183 556 4272 Numeros
587 4187 776 4297 perfruor
809 4188 1133 4300 ipsosautrmeris
1160 4192 1293 4303 primis
1325 4210 1476 4278 antece·

146 4313 316 4398 dentibus
346 4316 552 4422 produdios
581 4316 683 4406 sistit.
750 4319 896 4432 Quibus
925 4345 967 4428 p.
1007 4347 1075 4402 10.
1096 4321 1365 4408 Numerunrm
1385 4348 1475 4434 per·

142 4440 335 4564 sectorum
364 4443 666 4536 antecedentium
698 4463 831 4553 notas,
863 4465 988 4560 partes
1018 4451 1196 4564 aliquotas
1224 4453 1269 4539 et'
1295 4443 1475 4538 differtui

745 4574 782 4660 L
819 4603 843 4684 a
1092 4624 1095 4633 ·
1185 4604 1189 4609 ·
1375 4575 1477 4662 tiam
