4475 5900
771 414 874 528 ω·
1059 398 1391 504 urrunnun
1421 399 1788 503 orsumaunr

777 667 872 733 anm
901 634 1059 749 sequens
1089 636 1226 735 tubum
1256 654 1347 725 ante
1377 636 1629 753 quadrantem
1661 636 1730 724 vel
1771 633 1982 725 dimidium
2032 632 2101 721 ho·

779 797 844 859 rae
874 768 1107 879 ingrediatur
1132 765 1328 878 quidem,
1359 766 1419 857 sed
1453 771 1494 857 in
1525 787 1636 878 parte
1668 771 1747 853 eius
1795 764 1999 873 inferiori,
2047 792 2101 849 ca

778 898 969 1017 pilosque
1002 894 1198 982 fistematis
1229 896 1278 981 ad
1308 895 1439 985 locun
1471 894 1606 983 Lunae
1637 895 1811 1009 respestu
1855 893 2010 981 llaellne
2042 894 2108 977 de·

782 1024 1073 1120 temnnandum
1104 1022 1308 1135 requisitos
1337 1048 1420 1125 non
1449 1025 1642 1136 attingat,
1676 1028 1717 1109 in
1749 1049 1800 1109 eo
1831 1025 1915 1109 casu
1965 1022 2107 1134 poterit

780 1181 922 1267 margo
952 1154 1018 1239 ille
1043 1151 1181 1238 Lunae
1211 1153 1320 1267 supra
1349 1153 1533 1269 capillum
1565 1148 1695 1263 GC,
1728 1154 1873 1264 ¹quoad
1904 1150 2020 1236 aalma
2054 1176 2106 1233 re·

778 1286 924 1399 quisitis
956 1280 1045 1368 fieri
1074 1280 1234 1392 potest,
1268 1284 1432 1392 eleuati,
1463 1300 1503 1367 et
1536 1282 1679 1393 positio
1710 1282 1758 1369 ad
1789 1280 1935 1366 stellam
1986 1306 2105 1365 macn-

780 1413 844 1499 lae
875 1412 1032 1497 alicuius
1062 1412 1225 1519 exiguae
1261 1413 1305 1495 in
1336 1411 1441 1495 disco
1469 1407 1604 1499 Lunae
1653 1408 1864 1521 assumptae
1913 1408 2108 1519 limborue

776 1538 946 1625 inferiori
978 1536 1219 1648 proximae,
1253 1537 1380 1625 modo
1410 1538 1521 1651 firpra
1550 1537 1742 1650 descripto
1758 1603 1771 1647 ,
1789 1536 1994 1623 obseruari.
2033 1538 2110 1623 llu·

778 1668 839 1754 ius
868 1668 977 1752 enim
1008 1664 1199 1776 positione
1232 1668 1281 1755 ad
1313 1684 1486 1755 centrum
1521 1663 1655 1753 Lunae
1686 1668 1873 1775 cognita,
1922 1666 2035 1776 quod
2064 1664 2109 1749 sa·

779 1796 927 1881 cillime
957 1793 1111 1903 semper
1140 1792 1242 1901 fret,
1275 1792 1418 1907 positio
1450 1820 1605 1907 quoque
1636 1796 1759 1881 centri
1789 1792 1924 1879 Lunae
1956 1798 2009 1878 ad
2036 1792 2110 1876 stel-

779 1925 859 2012 lam
888 1923 1104 2011 inuenietur
1135 1942 1181 2009 ut
1215 1924 1335 2034 supra.
1399 1922 1510 2011 Idem
1542 1926 1591 2012 de
1622 1923 1737 2014 simili
1770 1924 2018 2037 apparitione
2035 1920 2110 2007 del·

778 2051 842 2135 lae
875 2052 916 2133 in
950 2069 1060 2159 parte
1093 2049 1177 2133 tubi
1209 2048 1433 2160 superiore,
1466 2052 1655 2162 margine,
1675 2052 1859 2163 superiori
1891 2049 2037 2136 Lunae
2063 2054 2114 2137 in·

775 2174 835 2265 sta
864 2176 1052 2288 capillum
1082 2170 1183 2263 GC
1211 2176 1387 2261 similiter
1417 2177 1573 2289 polito,
1616 2183 1828 2267 tenendum
1859 2180 1928 2265 est.

894 2300 1023 2392 Sahal.
1058 2299 1153 2383 adm
1183 2298 1325 2389 Iisdem
1355 2307 1484 2393 modis
1523 2304 1679 2419 posunt
1710 2308 1899 2395 obseruari
1947 2306 2114 2395 transitu

786 2431 925 2519 Lunae
954 2456 1027 2544 per
1059 2429 1180 2517 stellas
1211 2456 1437 2545 quocunque
1487 2435 1568 2535 alio
1598 2454 1782 2549 tempore
1794 2492 1807 2541 ,
1852 2436 1919 2523 uel
1953 2442 2000 2523 in
2035 2464 2118 2549 qua·

785 2587 937 2673 cunque
966 2560 1102 2649 Lunae
1153 2558 1291 2671 phasr,
1331 2561 1360 2645 fi
1394 2564 1701 2653 obscurationem
1753 2566 1933 2651 diametri
1988 2564 2117 2651 Lrnae

784 2692 982 2799 ncipias,
1032 2712 1131 2798 quae
1162 2708 1256 2778 tuaac¹
1304 2689 1359 2772 ob
1390 2690 1520 2801 phasin
1554 2719 1637 2778 non
1677 2698 1809 2781 omnis
1855 2714 2056 2809 apparet,
2084 2706 2120 2779 et

784 2816 1062 2928 consequenter
1111 2816 1234 2901 modo
1281 2817 1323 2901 in
1356 2818 1453 2918 §gro
1483 2844 1549 2907 nro
1584 2834 1651 2907 1⁰⁰
1692 2824 1881 2936 descripto
1930 2824 2123 2909 obseruari

785 2944 935 3056 nequit.
997 2945 1047 3031 ln
1076 2943 1151 3030 illis
1182 2946 1309 3056 itaque
1338 2949 1480 3034 casibus
1510 2978 1585 3062 pro
1618 2953 1813 3040 diametro
1842 2950 1979 3039 Lunae
2001 2955 2120 3040 obstr-

785 3075 945 3180 uanda,
978 3073 1164 3184 dirigatur
1193 3075 1350 3186 capillus
1383 3075 1479 3166 GC
1511 3081 1560 3167 ad
1589 3108 1733 3169 cornua
1764 3079 1957 3191 phaseor,
1994 3085 2121 3168 urlin

786 3200 899 3287 situm
933 3205 1069 3286 iisdem
1102 3204 1289 3311 proxime
1320 3207 1539 3314 parallelum
1559 3275 1577 3316 „
1606 3231 1648 3294 et
1679 3212 1854 3296 inmotis
1885 3213 1928 3294 in
1946 3209 2039 3296 hoc
2064 3213 2125 3296 lina

786 3329 932 3436 capillis
961 3344 1003 3412 et
1036 3327 1132 3410 tubo
1162 3329 1383 3418 obseruetur
1414 3337 1587 3447 appulsus
1619 3338 1835 3424 altemtrius
1866 3365 2032 3450 cornu,
2063 3367 2126 3424 er·

789 3453 914 3566 empli
944 3457 1064 3566 gratia
1094 3451 1154 3564 S,
1185 3457 1233 3540 ad
1266 3457 1362 3544 duos
1402 3467 1564 3577 capillos
1620 3468 1854 3578 proximos,
1902 3487 2008 3579 puta
2042 3495 2127 3583 qr,
2198 3515 2199 3562 r

735 3574 745 3596 ‘
787 3601 829 3666 et
859 3597 961 3696 op,
993 3585 1033 3665 in
1056 3583 1158 3701 set
1189 3587 1247 3693 d,
1279 3607 1321 3672 et
1349 3591 1501 3680 alterius
1531 3593 1705 3682 cornul
1744 3597 1793 3678 ad
1826 3617 1950 3680 unum
2010 3601 2115 3710 capil

785 3712 869 3797 lum
899 3713 1008 3800 verb,
1038 3739 1096 3820 gr.
1126 3738 1191 3812 κγ
1208 3780 1234 3824 ,,
1254 3733 1438 3829 tempore
1453 3724 1651 3809 conracius
1682 3725 1802 3834 primi
1819 3749 1938 3808 cornu
1973 3723 2007 3812 S
2045 3753 2127 3812 curu

782 3839 927 3951 capillo
960 3843 1094 3952 primo
1126 3865 1220 3954 qr,
1273 3846 1403 3934 eidem
1448 3853 1708 3961 proximum,
1758 3873 1803 3934 et
1835 3855 1982 3964 poterit
2045 3858 2127 3942 hinc

781 3967 976 4092 diameter
1007 3969 1145 4055 Lunae
1175 3971 1320 4060 eudem
1351 3982 1509 4084 modo,
1547 3981 1584 4062 in
1617 3981 1829 4088 iisdemque
1861 3983 2045 4090 partibus
2073 3987 2120 4066 de

783 4096 1023 4225 terminari,
1055 4125 1135 4210 quo
1167 4099 1346 4206 eandem=
1365 4105 1473 4219 supra
1506 4110 1601 4211 §9³⁰
1632 4109 1674 4194 in
1704 4108 1917 4220 plenilunio
1952 4112 2135 4198 definini-

785 4244 901 4329 mus,
932 4226 1133 4311 inurendo
1165 4228 1232 4314 sc:
1270 4237 1323 4320 ob
1353 4233 1544 4349 triangula
1576 4239 1709 4355 das,
1741 4255 1784 4324 et
1806 4237 1927 4347 gml
1963 4243 2016 4326 ad
2054 4263 2135 4327 net

786 4371 825 4435 na
855 4351 1075 4464 rostangnla
1106 4375 1147 4444 et
1176 4359 1332 4452 fimiria'
1355 4392 1429 4480 per
1463 4367 1618 4454 constr:
1672 4385 1719 4454 ut
1750 4381 1905 4480 tempus
1955 4373 2136 4456 trnnfirua

2014 4524 2133 4588 curm

622 3525 734 3615 Ureu
