4475 5900
755 453 848 574 μμ
1065 431 1148 520 nn
1178 420 1396 522 nunnus
1413 397 1705 518 'Mutunus

602 721 607 731 ·
752 659 868 762 habui
882 723 897 768 ,
912 625 1037 753 nec'tn
1051 654 1335 746 Kamtschntico
1348 656 1564 740 continente
1589 651 1668 762 spes
1695 647 1854 762 superest
1883 649 2055 734 omniun

753 789 1055 904 potiundotnm,
1085 808 1220 869 verum
1253 783 1382 868 actum
1415 783 1492 892 egi.

761 979 767 988 .
867 912 1056 999 Defillem
1084 929 1212 998 autem
1242 909 1429 1023 quaerelas
1458 928 1499 992 ct
1530 903 1807 1017 impedimenta
1838 929 1997 998 ,merare
2024 925 2060 992 ct

755 1042 932 1156 primum
964 1063 1122 1129 moneo.
1185 1033 1333 1122 Munati
1360 1060 1441 1119 non
1473 1033 1543 1118 effe
1561 1032 1704 1116 bouem
1720 1031 1958 1140 Aristotelis,
1975 1059 2059 1120 ctuu

753 1190 960 1280 nunquam⁴
976 1167 1128 1252 Munati
1145 1165 1186 1251 in
1212 1163 1313 1250 liceo
1328 1159 1495 1274 pascetur
1509 1175 1547 1246 ct
1577 1183 1714 1270 purum
1742 1158 1913 1246 interelle
1929 1185 1979 1244 eu
2005 1161 2061 1269 fit,

751 1323 844 1386 cum
873 1321 953 1380 non
984 1293 1247 1403 descripserit,
1280 1290 1367 1377 imo
1399 1287 1502 1399 quod
1535 1291 1690 1390 verius,
1723 1310 1793 1372 ncc
1824 1288 1967 1372 viduit
1996 1311 2062 1372 ncc

751 1422 865 1508 lando
879 1424 1080 1531 quicquum
1097 1421 1147 1501 de
1177 1416 1255 1502 hoc
1272 1414 1427 1500 animali
1444 1413 1637 1500 audincrit.
1669 1407 1849 1505 Secundo
1889 1438 2060 1524 moneo,

750 1547 967 1656 lnpezium
994 1539 1228 1632 Ftuuciscum
1255 1539 1476 1648 Hernandcs
1503 1558 1708 1652 nutoptes,
1738 1562 1847 1624 etex
1865 1539 1937 1624 illis
1958 1536 2056 1627 Clnr.

751 1669 854 1759 Cius.
885 1690 925 1755 et
954 1673 1099 1758 Reium
1130 1669 1296 1756 sedulius
1344 1669 1466 1756 multe
1496 1668 1544 1752 de
1575 1665 1652 1755 hoc
1692 1665 1849 1752 animuli
1897 1665 2062 1778 offerte,

752 1821 848 1913 quae
878 1799 1030 1884 veritati
1059 1815 1098 1880 et
1124 1795 1314 1908 autopfine
1344 1795 1471 1882 minus
1500 1794 1757 1880 consentanee

873 1950 912 2006 1.
947 1921 1061 2010 Caret
1091 1923 1167 2008 hoc
1198 1924 1341 2008 animal
1372 1921 1461 2033 pilis
1501 1921 1541 2006 in
1572 1921 1815 2028 umtutsum,
1863 1921 1970 2033 quod
2001 1948 2064 2010 sc·

752 2077 800 2138 ro
818 2052 886 2162 pili
918 2053 1047 2138 vocari
1078 2048 1250 2162 pnlsent,
1279 2050 1374 2138 setae
1389 2052 1517 2158 potius
1547 2066 1611 2132 tut
1626 2046 1762 2136 calami
1787 2047 1940 2136 fillulofi
1955 2048 2063 2160 suut,

752 2181 851 2267 circa
876 2203 921 2264 os
947 2197 987 2262 et
1004 2175 1067 2264 sub
1082 2178 1239 2289 pedibu
1266 2172 1511 2262 solummodo
1542 2172 1658 2266 obuii.

758 2391 762 2397 ,
876 2333 916 2392 2.
951 2301 1080 2417 Caput
1108 2299 1217 2390 uuus
1265 2301 1433 2389 animulis
1476 2326 1553 2388 non
1583 2299 1634 2385 est
1665 2301 1895 2411 vituluun,
1926 2324 1973 2391 ut
2002 2301 2064 2390 ct.

752 2427 916 2540 cinno,
955 2457 1025 2523 uec
1064 2431 1248 2518 bouillutn
1286 2450 1334 2514 vt
1373 2427 1575 2514 Hctnund.
1618 2428 1787 2542 placuit,
1834 2430 1897 2518 ud
1946 2431 2063 2545 quntd

752 2560 1028 2670 integumentis
1058 2557 1235 2668 testum,
1263 2555 1353 2644 nulli
1382 2556 1606 2642 animalium
1640 2556 1790 2663 limile,
1822 2583 1960 2648 sctum
1989 2557 2064 2652 fine

753 2705 798 2776 ct
827 2685 1014 2794 [iugulatis
1042 2682 1203 2771 formae.
1496 2765 1498 2772 ,
1537 2685 1539 2689 ’
1932 2789 1935 2794 ,

876 2838 920 2915 3.
954 2810 1073 2898 Pedes
1103 2810 1145 2898 in
1178 2809 1390 2900 uniuersum
1422 2811 1605 2924 unguibus
1633 2809 1906 2923 destinentur,
1929 2837 2066 2902 tcntm

757 2938 853 3025 cutis
883 2965 946 3026 eus
975 2941 1127 3049 ambit,
1158 2966 1204 3029 ea
1232 2937 1379 3054 prorsus
1408 2941 1571 3053 ratione,
1593 2966 1640 3029 ec
1670 2962 1910 3055 empututum
1942 2968 2067 3035 mnn-

755 3066 903 3179 btutn,
935 3070 988 3155 ita
1019 3087 1064 3154 vt
1093 3064 1199 3180 supet
1228 3090 1315 3155 cute
1345 3069 1492 3153 incedat
1522 3094 1573 3155 co
1602 3066 1691 3155 loco
1719 3072 1801 3157 setis
1828 3068 1944 3163 hirst.

874 3223 918 3296 4.
952 3197 1089 3302 Aeque
1120 3194 1249 3281 falsum
1279 3193 1364 3298 est,
1397 3194 1497 3307 quod
1525 3194 1764 3287 ,Hemnndcs
1813 3220 1958 3309 vngues
1998 3196 2066 3285 hu·

751 3320 882 3405 menis
898 3317 1033 3401 ssmiles
1049 3315 1135 3402 huic
1152 3320 1304 3407 animali
1322 3322 1477 3429 tribuat,
1507 3346 1584 3433 qno
1614 3322 1784 3410 Vaccam
1817 3323 1970 3411 homini
1986 3325 2068 3413 Pu·

755 3440 887 3525 tonico
917 3440 1137 3530 ssmiliotcm
1168 3449 1377 3555 redderet,
1410 3474 1499 3533 cum
1531 3450 1656 3560 digitis
1686 3450 1972 3551 inuniuersuut
2009 3478 2070 3539 ct·

753 3585 858 3676 ucat,
873 3568 981 3657 simul
995 3594 1055 3662 ,ac
1068 3576 1296 3685 unguibus,
1327 3576 1393 3665 nifi
1410 3573 1507 3661 forte
1525 3575 1663 3687 ungula
1679 3578 1784 3689 equi,
1805 3580 1867 3665 cui
1884 3580 2068 3691 quodem·

757 3694 883 3783 modo
914 3696 1073 3808 similis,
1103 3705 1237 3813 unguis
1270 3700 1428 3788 humani
1459 3700 1574 3813 specie
1603 3704 1752 3789 cnidum
1785 3705 1973 3817 imponat.

879 3844 920 3925 5.
952 3820 1009 3911 Itu
1042 3847 1083 3911 ct
1114 3828 1178 3912 vel
1207 3854 1260 3913 ex
1290 3828 1366 3913 hoc
1397 3849 1503 3941 patet
1533 3851 1714 3942 quauntm
1744 3829 1833 3919 huic
1862 3834 1982 3919 studio
2014 3852 2068 3919 te·

756 3949 955 4039 nebrutum
985 3950 1182 4063 offundat,
1216 3954 1245 4043 li
1275 3954 1358 4041 fatu
1390 3955 1720 4069 puelupponimus
1737 3978 1784 4049 ct,
1809 3956 1950 4045 ftlfiotu
1974 3988 2069 4047 con-

755 4076 917 4163 clultonc
947 4081 1136 4189 elicimus,
1166 4103 1210 4167 ut
1241 4085 1390 4169 interim
1406 4085 1545 4195 aliquid
1573 4084 1751 4171 dicemus.
1793 4086 1910 4199 Quod
1935 4112 2070 4173 omncs

756 4200 926 4288 tutiores
956 4210 1187 4297 unanimiter
1217 4211 1444 4318 affirment,
1477 4212 1619 4297 annual
1647 4210 1725 4297 hoc
1765 4212 1900 4297 fluuios
1947 4214 2069 4299 ulcen-

748 4327 851 4418 ‹detc
866 4345 906 4413 et
920 4340 1109 4447 gremius,
1142 4364 1237 4454 quac
1265 4338 1469 4439 secundm
1495 4339 1600 4456 ,ripas
1629 4338 1906 4453 deprehendere
1935 4340 2068 4553 90ίέῑὲ
