4475 5900
165 438 257 539 ru
286 444 459 543 arluc
494 439 865 541 nocrnrurn
891 442 1340 548 aerumnarum.
1380 480 1506 571 103·

129 708 210 773 non
244 678 400 767 refertor
431 704 608 766 numerus
653 680 763 793 ipse,
813 682 876 797 qui
928 702 1113 797 repugnat
1160 684 1270 773 ideae
1320 690 1466 802 partia:

128 815 222 901 hinc
261 836 338 924 pro
378 804 577 896 efficienda
632 808 781 897 summa
833 813 999 925 partium
1046 816 1301 928 aliquotamm
1354 818 1469 907 debet

128 962 283 1029 tantum
317 962 498 1023 numerus
528 940 607 1050 ipse
639 940 803 1027 subtrahi
833 968 857 1025 a
890 940 1036 1028 summa
1067 944 1274 1033 diuisornm
1295 976 1308 1061 3
1328 948 1468 1061 veluti,

124 1073 155 1162 fi
189 1070 242 1158 ab
271 1067 437 1154 indicata
480 1070 630 1155 lumina
675 1068 896 1179 dicuntum
912 1100 971 1177 42
1003 1071 1239 1191 subtrahatur
1287 1101 1470 1165 numeras

126 1201 209 1315 ipse
241 1224 336 1305 ιο,
367 1194 623 1282 remanebunt
655 1221 723 1309 ar
759 1222 837 1311 pro
864 1202 1012 1286 summa
1056 1206 1231 1315 partium
1278 1188 1468 1319 aliquota·

124 1356 216 1416 rum
248 1328 403 1415 numeri
445 1348 538 1436 203
582 1326 672 1417 hinc
704 1326 735 1413 li
767 1328 1041 1415 obtinuerimus
1082 1334 1254 1443 regulam
1288 1360 1366 1447 pro
1389 1362 1468 1423 21.
1620 1369 1626 1381 ·

123 1458 326 1572 prirnenda
366 1454 596 1565 generaliter
632 1452 782 1541 summa
833 1453 1036 1543 diuisornm
1084 1460 1236 1547 alicuius
1284 1466 1464 1551 numeri:

126 1612 298 1701 pronum
329 1584 403 1668 erit
434 1584 574 1669 exinde
604 1585 861 1694 concludere,
893 1610 1081 1696 quaenam
1112 1590 1159 1674 lit
1196 1594 1345 1678 summa
1379 1618 1467 1703 par-

123 1718 225 1805 tium
257 1715 513 1831 aliquotamm
544 1712 715 1800 eiusdem
747 1712 845 1797 illios
873 1719 1037 1799 numeri.

246 1844 283 1945 ς.
304 1872 349 1951 4.
391 1840 441 1927 In
487 1839 724 1953 sequentibus
772 1844 900 1951 itaque
948 1866 1100 1952 ponam
1131 1841 1284 1958 semper
1327 1845 1467 1935 litteras

124 1971 348 2059 maiusculas
377 1970 450 2077 Α,
482 1964 548 2076 Β,
581 1962 649 2076 C,
679 1987 752 2053 etc.
783 1969 1003 2079 exprimere
1041 1995 1223 2059 numeros
1270 1995 1465 2089 utcunque

121 2103 394 2213 compulitos,
424 2099 593 2210 integrus
641 2096 717 2181 scil.
770 2096 831 2180 ud
863 2100 962 2181 inter
1011 2096 1245 2210 septimun.
1305 2104 1463 2193 Bonum

121 2254 224 2315 vero
252 2226 472 2341 respecturos
499 2226 672 2311 summas
699 2223 905 2311 diuisornm
938 2228 1117 2313 omnium
1135 2230 1345 2343 indigitabo
1359 2232 1464 2319 litte-

120 2358 174 2444 ris
204 2357 344 2444 iisdem
392 2353 608 2440 minusculis
652 2382 715 2465 a,
743 2352 801 2462 h,
830 2382 885 2461 c,
918 2374 994 2439 etc.
1033 2352 1098 2440 Ita
1132 2384 1193 2446 e.·
1216 2385 1276 2470 gr.
1301 2364 1465 2449 numeri

119 2486 163 2573 A
194 2484 351 2603 summa
378 2482 587 2575 diuisonnn
618 2485 694 2567 erit
723 2508 787 2593 a;
818 2501 860 2571 et
889 2478 1045 2569 summa
1075 2488 1245 2597 partium
1276 2485 1464 2602 aliquota.

118 2640 211 2703 rnm
241 2616 317 2703 erit
346 2612 491 2701 a-A.
522 2608 669 2729 (5.3.)
700 2610 1067 2712 Numerosantem
1096 2613 1463 2730 primosdelignent

111 2744 253 2831 'literae
301 2744 365 2853 P,
397 2744 469 2861 Q,
500 2742 567 2851 R,
601 2738 663 2851 S,
695 2741 768 2851 T,
812 2765 889 2826 etc.
956 2742 1091 2855 ¹Atque
1137 2770 1233 2832 cum
1280 2769 1461 2854 nomena

114 2875 270 2990 primus
297 2872 447 2960 nullum
476 2873 657 2957 admittar
683 2872 806 2956 alium
837 2870 1078 2980 diuisurum,
1111 2902 1226 2986 quam
1268 2878 1467 2978 unitatem¹

118 3021 162 3088 et
191 2997 391 3113 stipfirma
423 3017 561 3109 patet,
595 2997 787 3081 summam
819 2998 1026 3082 dinilomm
1049 3007 1210 3086 numeri
1227 3005 1344 3110 primi
1361 3001 1460 3088 sem·

118 3155 193 3246 per
224 3129 299 3216 eilia
328 3149 536 3214 numerum
567 3125 676 3210 illum
726 3121 850 3234 ipsum
903 3123 1057 3210 aucium
1109 3127 1263 3213 unitate.
1334 3127 1463 3239 Igitur

117 3262 295 3348 summae
326 3251 529 3348 diuisurum
565 3279 640 3366 pro
670 3250 839 3364 allegatis
870 3254 1033 3336 numen's
1073 3256 1210 3364 primis
1258 3277 1368 3341 enmt
1399 3283 1459 3342 re

116 3387 287 3506 spediue
317 3385 499 3494 P-l-1‚
532 3383 727 3502 (241,
759 3383 909 3477 R—l-1
938 3401 1054 3489 ,etc
1092 3401 1134 3465 et
1164 3379 1336 3470 summae
1368 3411 1457 3499 par-

119 3522 223 3608 tium
255 3519 507 3634 aliquotamm
539 3537 678 3600 omnes
713 3511 882 3626 aequales
919 3513 1086 3642 unitati,
1119 3509 1194 3596 scil.
1245 3513 1456 3611 P-1-1-

120 3643 230 3736 P:
252 3671 294 3732 1.

243 3779 280 3880 §.
304 3792 346 3880 ς.
379 3771 442 3862 Sit
474 3793 641 3859 uunurur
671 3767 809 3884 oliqzds
836 3772 1049 3887 comprsstus
1080 3796 1132 3859 ex
1161 3747 1276 3859 meris
1285 3775 1456 3887 primis,

119 3906 305 4023 diuerſss,
335 3902 459 3992 veluti
480 3926 524 3989 e.
558 3927 615 4016 gr.
654 3928 696 4008 3.
735 3921 773 4003 5.
814 3921 864 4010 7,
898 3899 1203 4011 aut105‚vel
1233 3903 1469 4013 generaliter-

124 4036 269 4156 PQR
286 4029 344 4122 S:
378 4035 571 4152 quaeritur
587 4026 738 4144 summa
767 4023 961 4146 diuisornm
994 4027 1102 4120 huius
1119 4034 1261 4118 nuneri
1285 4035 1344 4120 ita
1359 4053 1455 4120 com·

118 4169 242 4282 postri.
303 4165 375 4252 Ex
404 4161 598 4253 methodo
633 4159 841 4274 Nauna,
874 4161 1050 4249 Arithm.
1098 4158 1314 4248 uniuersalis
1351 4165 1454 4272 pag.

127 4315 223 4404 37,
255 4294 343 4380 edit.
383 4312 539 4399 1732,
573 4290 620 4376 de
648 4295 846 4380 intentione
862 4283 1088 4403 diuismm,
1123 4312 1232 4376 erunt
1256 4287 1365 4376 huius
1380 4317 1453 4377 nu-

125 4424 226 4510 meri
256 4423 464 4536 compuliti
494 4419 670 4508 diuisores
709 4417 893 4533 sunplicea¹
923 4419 984 4530 P,
1016 4419 1087 4538 Q,
1118 4421 1191 4534 R,
1217 4415 1283 4534 δ,
1314 4444 1454 4506 eorun-
