4475 5900
538 442 623 534 nn
649 441 852 536 affluas
885 425 1152 538 Maurum.
1407 481 1494 562 μ,
1640 457 1646 470 ·

191 665 402 779 impetuose
430 669 529 756 circa
558 671 645 758 fixa
685 676 875 760 ventilatis
922 676 1096 788 impliciti
1142 675 1234 762 saxis
1282 676 1499 790 illiduntur,

172 795 338 905 hyeme
368 799 466 881 adeo
513 802 713 886 macilenta
741 804 823 887 lunt
888 803 981 889 haec
1021 804 1230 910 animalia,
1279 824 1325 889 at
1356 829 1502 920 praeter

191 924 334 1032 spinam
368 923 467 1008 dorsi
495 951 633 1011 omnes·
654 929 777 1012 coliae
816 952 1032 1039 appareant.
1113 931 1273 1016 Vernali.
1320 951 1501 1044 tempore

191 1075 307 1134 more
338 1051 507 1134 hnmano
537 1059 701 1161 cbeuut,
730 1081 775 1138 ac
803 1060 1005 1168 praecipue
1035 1058 1132 1142 circa
1166 1056 1360 1166 vesperam
1401 1079 1501 1144 nan·

186 1177 310 1286 quillo
341 1181 469 1285 mari,
498 1200 711 1290 antequam·
732 1207 824 1266 vero
853 1186 1170 1295 congrediunmt,
1195 1185 1382 1291 praeludia
1398 1187 1502 1276 mul·

158 1315 229 1385 ‘ta
258 1327 419 1387 venerea
449 1311 724 1414 praemittunt,
754 1308 934 1394 uenena,
960 1311 1104 1420 placide
1135 1329 1240 1394 natat.
1263 1311 1357 1394 hinc
1383 1333 1422 1396 et
1437 1314 1501 1395 in.

187 1437 239 1513 de
269 1431 311 1512 in
338 1431 463 1537 mari,
495 1455 579 1516 mas
608 1457 700 1516 vem
747 1434 895 1542 semper
939 1433 1124 1545 sequitur,
1175 1435 1277 1518 hune
1324 1438 1499 1522 soemella

189 1575 272 1640 tam
300 1558 367 1641 diu
397 1558 528 1642 mrtltis
575 1555 678 1667 gyris'
704 1578 745 1642 et
774 1563 984 1645 maeandtis
1017 1562 1165 1667 eludit,
1196 1563 1316 1645 donec
1364 1571 1528 1657 motae'

178 1682 376 1768 ulterioris
406 1684 483 1793 ipsi
513 1689 716 1795 impatiens
746 1689 847 1771 uelut
877 1684 1047 1770 delassata
1080 1713 1124 1768 ac
1152 1687 1280 1768 consta
1299 1686 1335 1769 se
1353 1691 1391 1770 in
1408 1690 1498 1774 dor·

184 1807 269 1894 firm
300 1810 511 1920 restrpinet,
543 1837 621 1921 quo
649 1811 751 1897 sabio
783 1838 866 1896 mas
896 1810 1028 1896 furiob
1067 1810 1324 1922 superueniens
1368 1815 1497 1902 libidi-

185 1938 243 2019 nis
273 1939 456 2020 tributum
486 1939 626 2045 soluit,
661 1965 705 2024 ac
735 1940 859 2026 ambo·
879 1941 924 2022 in
940 1956 1107 2024 ‘mutuos
1135 1939 1336 2048 amplexus
1367 1959 1493 2028 ruunt.

183 2059 354 2174 Capuam
370 2063 515 2149 illotrmr
546 2089 701 2173 nugno
718 2062 834 2148 staron
860 2090 968 2150 ‘unco
983 2065 1247 2174 peragebatur,
1264 2068 1365 2150 cuius
1380 2067 1496 2178 cuspis

183 2215 343 2274 ancone
372 2191 551 2300 spatulam
581 2189 796 2296 referebat,
827 2192 943 2276 altera
973 2193 1194 2275 extremitas
1212 2194 1402 2278 mediante
1420 2192 1495 2281 fer·

182 2343 252 2406 teu
297 2319 436 2402 annulo
483 2317 561 2400 firni
610 2320 819 2428 praelongo
850 2316 1053 2400 artuino
1100 2317 1342 2425 alligabatur,
1392 2319 1494 2406 hunc

181 2468 339 2529 aarum
361 2443 530 2526 sumebat
561 2447 620 2526 air
635 2443 829 2547 robustus,
861 2466 906 2526 ac
938 2467 1014 2526 rna
1045 2465 1135 2524 cum
1167 2469 1211 2544 4.
1242 2462 1304 2530 aut
1337 2463 1379 2544 ς.
1413 2445 1494 2536 aliis

180 2573 367 2676 mmbam
398 2570 693 2674 conscendebat,
727 2588 768 2655 et
795 2570 901 2655 lente
925 2592 1005 2653 ano
1037 2585 1188 2656 tenente
1202 2571 1494 2678 gubernaculum

182 2719 227 2795 ³·
260 2718 324 2783 aut
356 2730 397 2803 4.
439 2697 709 2807 remigantibus.
735 2697 961 2808 properabat
990 2696 1041 2782 ad
1071 2719 1241 2804 gregem
1301 2695 1494 2786 Percussor

179 2825 298 2909 flabat
312 2827 351 2906 in
368 2849 511 2932 prora,
541 2848 681 2910 uncum
714 2849 829 2910 manu
861 2825 1042 2928 tenebat,
1072 2848 1188 2932 quam
1221 2825 1387 2933 ptiauum
1421 2848 1492 2907 ue·

178 2976 227 3035 ro
243 2953 340 3034 adeo
354 2976 479 3061 prope
510 2970 622 3058 erat,
653 2971 701 3034 ut
731 2976 755 3037 e
786 2952 925 3055 cymba
954 2950 1060 3033 serite
1090 2943 1245 3056 posset,
1278 2948 1395 3055 feriit,
1410 2974 1489 3058 quo

175 3077 284 3162 fano
316 3098 394 3175 ao.
430 3076 507 3161 viri
532 3081 571 3163 in
600 3078 713 3162 litore
745 3078 906 3183 llantm,
950 3074 1068 3161 altera
1106 3070 1203 3157 suuis
1238 3076 1490 3167 extremitate

176 3226 330 3315 arrepta
360 3205 501 3291 animal
529 3206 735 3309 tenebant,
767 3222 810 3289 et
840 3204 941 3287 inter
972 3202 1109 3286 anxios
1136 3198 1322 3283 resrstendi
1371 3224 1491 3289 cona·

177 3353 246 3417 nas.
267 3358 409 3441 magno
436 3334 568 3419 labore
598 3332 647 3416 ad
676 3333 762 3417 litus
791 3326 1013 3431 trahebant,
1046 3326 1107 3437 qui
1144 3349 1242 3409 veto
1271 3328 1311 3411 iu
1347 3328 1490 3432 cymba

177 3478 285 3545 erant
315 3461 392 3545 alio
420 3461 511 3545 fune
541 3456 575 3541 se
605 3457 841 3561 brumbam,
871 3480 918 3539 ac
945 3452 1084 3539 animal
1122 3453 1308 3542 continuis
1357 3453 1490 3543 isiibua

177 3586 275 3673 adeo
304 3583 574 3695 defitigabant,
602 3585 726 3670 donec
755 3581 929 3669 lassatum
961 3598 1001 3663 et
1031 3580 1203 3689 quietum
1234 3582 1382 3688 peninar
1416 3606 1489 3691 pu-

177 3712 378 3820 gionibus,
409 3712 531 3797 nunb
575 3735 621 3795 at
653 3712 765 3795 variis
790 3710 908 3795 anuis
945 3705 1191 3793 conficeretur
1240 3723 1281 3800 ut
1311 3707 1351 3786 in
1391 3728 1486 3799 con·

176 3858 367 3926 tenentem
383 3839 603 3928 naheretun
665 3838 831 3952 Quidam
863 3835 995 3922 euim
1023 3833 1172 3917 animali
1189 3832 1357 3941 iugentia
1381 3828 1487 3919 liulh

176 3960 469 4073 exscindnbmt,
496 3988 616 4051 omne
646 3968 748 4075 quod
778 3963 920 4050 aniani
966 3962 1098 4069 agebat
1145 3960 1237 4046 illud
1285 3975 1392 4065 erat,
1439 3974 1486 4043 ut

176 4095 338 4177 maldam
371 4093 613 4179 veliementer
642 4093 834 4197 vibraret,
866 4087 1112 4173 anterioribus
1140 4085 1298 4173 brachiis
1312 4084 1410 4167 adeo
1424 4108 1484 4171 re-

174 4220 390 4324 niteretur,
420 4241 465 4302 at
492 4218 596 4326 caepe
626 4220 799 4327 ingentia
821 4214 1001 4299 cuticulae
1031 4213 1140 4300 stulla
1180 4213 1394 4317 desilirent,
1425 4212 1513 4313 in·¹

174 4340 288 4460 super
316 4345 446 4438 aalide
467 4365 510 4434 et
538 4344 642 4440 adan
669 4367 763 4433 orm
799 4343 948 4455 gemitu
984 4340 1174 4457 spirabat,
1205 4365 1230 4441 e
1256 4336 1364 4435 dorso
1397 4338 1484 4422 tul-

192 4532 199 4540 .
256 4485 259 4493 “
712 4469 770 4567 :S
802 4494 879 4581 aa
1351 4478 1483 4558 neruo
