4475 5900
441 442 676 578 muts*
706 468 739 525 ο
772 447 1014 552 *egelse-
1345 472 1437 560 4¹3,

561 663 1025 810 METHODVS-

241 829 613 947 montaum
644 838 894 1027 effitffis
924 812 1308 933 aunmnntvn
1395 842 1399 849 ’

638 1057 748 1160 Nic„
766 1056 920 1169 Popow'..

229 1334 373 1425 agnam
403 1338 562 1427 operam
599 1290 843 1399 colocanrnt
872 1319 1092 1403 recentioris
1124 1320 1209 1405 aeui
1257 1319 1444 1405 Astrono
1610 1401 1623 1423 ,

263 1444 322 1525 mi
352 1443 392 1522 in
423 1443 608 1526 machinis
638 1442 906 1553 methodisque
923 1450 1206 1556 excogimndis„
1240 1450 1372 1559 quibus
1403 1450 1444 1529 in

109 1568 310 1679 eclipsibus
326 1566 599 1653 Lumiuarium
609 1569 982 1681 phnses-Lmnimris
1004 1573 1243 1684 eclipsantis,
1273 1594 1314 1657 et
1332 1574 1446 1657 chor·

110 1700 182 1785 das
213 1695 412 1782 debsiiuas
442 1697 558 1781 simul
585 1718 778 1809 pmmpte
800 1700 1236 1785 etaccurateobsensate
1265 1704 1445 1811 possent,

111 1827 287 1937 variique
336 1830 458 1909 varias
487 1827 780 1912 adiuuenerunta.
840 1822 918 1911 Sed
951 1830 1113 1914 meliore
1142 1832 1319 1935 onmium
1368 1828 1447 1917 suc.-

108 1953 215 2041 celsu
252 1972 410 2037 conatus
447 1952 581 2037 cellille
629 1952 801 2039 lemnio
819 1973 866 2037 et:
889 1955 1002 2039 llirio
1050 1957 1172 2067 vulgo
1219 1955 1446 2063 censentur,

106 2085 182 2197 qui
215 2080 412 2167 machinas
443 2083 694 2167 micmmetta:
718 2081 1131 2195 dislas„uousquisque
1151 2084 1216 2169 fibi
1245 2086 1447 2194 propriam

110 2212 467 2321 excogitauerunt,
490 2234 659 2320 quarum
683 2234 771 2321 ope·
793 2208 1078 2319 phoenomena,
1101 2211 1161 2295 illu
1190 2211 1372 2321 eclipseos
1406 2212 1448 2292 in

105 2358 272 2449 utraque
303 2337 437 2448 eclipsi·
463 2338 603 2421 eodem
636 2354 849 2448 momento
878 2336 1059 2419 obsemari
1080 2338 1271 2447 possunt,
1303 2362 1446 2447 quaeue

106 2466 334 2559 hodienum
362 2465 513 2565 etiam,
544 2463 578 2547 ll
605 2463 654 2547 ad
686 2487 818 2547 manus
847 2459 1012 2571 licetine,
1060 2461 1167 2559 solae
1184 2531 1205 2570 ,2
1226 2488 1278 2549 ut·
1319 2482 1450 2549 caete-

106 2597 167 2687 ris
198 2591 380 2678 omnibus
410 2588 732 2703 praestantiores„
756 2590 981 2700 praesertim.
1005 2593 1054 2677 in.
1077 2590 1273 2703 eelipfibos
1319 2590 1449 2675 Luna·-

105 2724 249 2831 ribus‚
298 2720 350 2805 ati
395 2716 498 2804 hun‘c
550 2715 663 2836 usum
689 2716 949 2803 adhibentur.
1040 2718 1449 2805 Vemmeni'nsueros

105 2850 359 2941 conditiones
374 2845 608 2960 punsiorum
641 2848 685 2931 in
712 2844 1110 2933 discis-Luninnium
1138 2873 1212 2960 pro
1252 2847 1330 2933 hoc
1364 2846 1473 2960 casu·
1514 2858 1520 2870 '

105 2979 474 3086 obserandum,
501 2973 848 3087 ‚machinarumque
876 2975 1023 3062 harum:
1065 2978 1247 3064 unctura
1290 2997 1330 3059 et
1360 3001 1451 3060 rne-

106 3111 231 3215 thodi
263 3135 334 3220 per
363 3132 427 3191 eas
456 3104 679 3190 obsentandi
710 3106 758 3189 ab
789 3103 1005 3188 ausioribus
1029 3128 1160 3188 earum
1196 3102 1448 3215 praescriptae

106 3239 290 3348 erramina
316 3234 626 3342 considerentur,
655 3233 927 3343 phoenomena
959 3231 1025 3315 illa
1053 3231 1235 3343 eclipseos
1283 3257 1354 3344 per
1384 3232 1451 3332 has

108 3371 242 3454 etiarn
272 3363 499 3468 machinas,
532 3363 605 3446 vix
633 3361 715 3447 satis
746 3379 919 3446 accurate
949 3358 1139 3444 obseruari
1173 3362 1278 3471 polle
1326 3362 1452 3446 credi-

107 3497 264 3602 derint.
333 3493 400 3580 Ad
431 3509 593 3615 (premor
609 3493 712 3575 enim
730 3489 901 3601 pineta,
931 3487 1011 3572 duo
1027 3512 1170 3598 nempe
1187 3491 1329 3573 cornua
1354 3487 1451 3599 pha·

106 3626 235 3731 seros,
264 3623 434 3734 duosque
464 3619 607 3704 limbos
639 3619 831 3712 discomm
879 3617 1110 3701 obscurantis
1142 3634 1183 3698 et
1213 3617 1449 3726 eclipsantis,
1618 3675 1621 3680 .

107 3751 340 3840 sensibiliter
377 3746 467 3833 ase
503 3749 673 3832 inuicem
722 3744 923 3854 distantia,
972 3743 1197 3856 diuerstsque
1248 3745 1451 3851 motibus,

111 3900 239 3970 motu
267 3877 324 3965 sc:
360 3877 477 3990 primi
519 3875 700 3983 mobilis,
740 3871 1139 3969 motuLuminatium
1171 3874 1331 3984 proptio
1362 3898 1384 3956 a
1415 3869 1453 3953 se

109 4010 323 4114 inuicem,
357 4022 544 4117 motuque
573 4000 744 4116 angulati
775 4023 993 4113 comeum,
1034 3999 1239 4112 sieclipsrs
1289 4001 1455 4109 pattialis

112 4139 216 4244 est,
247 4137 300 4244 in¹
320 4132 477 4222 diuetsas
507 4132 636 4244 plagas
670 4127 881 4216 sensibiliter
929 4130 1121 4236 mobilia,
1173 4128 1349 4214 adhibitis
1394 4127 1454 4214 his

107 4263 311 4356 machinis
347 4261 507 4364 eodem,
526 4275 736 4345 momento
781 4259 1007 4368 attendere,
1056 4258 1217 4366 duasque
1263 4256 1455 4342 distantias

106 4418 261 4482 eorum
293 4417 318 4480 a
349 4389 571 4476 seinuitem
588 4387 829 4600 fimulFae}us
842 4384 1057 4472 mensurare
1074 4384 1214 4470 necesle
1240 4385 1306 4472 est.
1368 4385 1454 4592 ξίν

852 4535 878 4614 a
1148 4539 1150 4546 ’
1348 4535 1369 4594 c
1400 4533 1455 4594 tus
