4475 5900
428 358 822 519 Dircaeus
856 338 1196 531 rusucur-
1402 438 1489 521 :ss
1662 483 1667 494 ,
1814 490 1819 497 .

160 640 313 703 memm
345 578 427 703 nori
459 618 533 705 else
570 622 766 735 primum,
789 620 859 707 sed
891 648 963 737 per
990 644 1049 729 43
1056 650 1099 729 9.
1134 625 1361 733 ‹buidbilem
1378 694 1396 745 ,1
1423 634 1494 726 de·

157 746 382 836 monstrauit
399 740 483 834 Cel.
502 748 663 879 liulerus
679 747 785 867 supra
796 748 966 896 allegato
982 754 1103 843 Tom.
1141 780 1214 841 ur.
1261 754 1492 851 Commeat.

306 942 343 1043 §.
381 971 454 1049 19·
487 948 603 1035 Nunc
635 969 732 1058 quae
765 946 865 1033 circa
894 944 1121 1036 solutionem
1171 951 1289 1039 trium
1337 925 1490 1069 proble·

155 1086 311 1153 matum
343 1076 539 1160 monenda
568 1072 679 1182 sunt,
712 1075 840 1183 paucis
870 1098 1126 1189 exponamus.

206 1198 389 1289 ermon
418 1229 441 1287 e
475 1222 611 1291 mente
652 1201 832 1289 Auernus
871 1204 923 1290 ita
955 1204 1139 1313 soluitur:
1178 1204 1332 1325 Quaere
1368 1229 1481 1325 pote.

153 1324 290 1411 statem
324 1330 459 1415 binrrr'i
491 1334 680 1418 eleuatam
711 1332 759 1417 ad
794 1356 1001 1417 numerum
1034 1335 1230 1445 primum,
1263 1336 1360 1425 haec
1389 1340 1483 1427 uni.

151 1468 233 1539 tate
263 1458 472 1571 mulctata,
501 1458 607 1545 dabit
638 1460 709 1545 tibi
739 1484 944 1571 qrpnerum
977 1463 1155 1573 primum
1190 1464 1351 1581 persisti
1382 1494 1477 1583 pro·

150 1583 367 1674 dusiorem.

213 1712 435 1810 Securum.
466 1716 641 1805 Inuento'
667 1734 832 1802 nupero
862 1716 995 1829 primo
1027 1714 1186 1826 perleui
1201 1717 1482 1835 proruente„
1563 1829 1566 1835 Ι

146 1842 224 1929 duc
256 1870 347 1931 eum
382 1848 422 1930 in
457 1847 689 1959 potestatem
731 1840 825 1932 NB.
867 1844 1141 1931 antecedam
1171 1843 1326 1958 binarii,
1358 1844 1485 1939 betur·

147 1968 649 2091 dum(36.prop.1x.)
693 1970 925 2087 produsium
957 1972 1047 2061 sistit
1097 1994 1304 2061 murorum
1339 1976 1479 2093 'perse-

144 2100 271 2185 eium.
838 2108 867 2151 ·'
1342 2143 1350 2153 ·

211 2222 394 2319 Tertium.
428 2228 591 2319 inuenta
620 2230 725 2343 supra
773 2230 882 2321 series
925 2252 1180 2321 uumeromm
1227 2232 1394 2346 perium-
1426 2243 1481 2348 ira

141 2354 202 2443 est'
230 2360 476 2471 adhibenda,
507 2381 552 2448 vt
583 2362 827 2449 solummodo
857 2364 996 2449 inuenti
1037 2362 1173 2447 ordine
1210 2366 1366 2449 numeri
1403 2355 1483 2478 pisi

39 2538 42 2545 -
142 2488 238 2598 mi,
271 2490 531 2601 persediomm
564 2490 845 2604 produuores,
875 2494 917 2578 in
950 2488 1178 2603 potestatem
1213 2489 1349 2579 binarii
1381 2490 1477 2583 NB.

131 2608 410 2733 subsequetuem
440 2623 653 2730 ducantur,
693 2620 827 2734 reliqui
856 2640 986 2709 autem
1035 2618 1241 2729 asterisco,
1282 2622 1349 2707 uel
1378 2624 1480 2711 notis

140 2752 347 2837 numericis
364 2752 554 2841 Romanis
570 2768 772 2861 notentur,
792 2754 1018 2866 quoniame
1041 2768 1176 2837 mente
1201 2746 1364 2838 eustorio
1386 2752 1474 2839 nul-

139 2876 203 2962 los
219 2879 432 2991 producere
460 2880 784 2966 ualent-numeros
799 2880 1011 2992 perfectos,
1042 2879 1083 2964 id
1099 2878 1204 2988 quod
1229 2874 1378 2991 esupra
1408 2882 1478 2970 ad-

140 3008 259 3092 duda
291 3007 441 3094 Tabula
473 3000 503 3092 ὃ
536 3007 671 3092 melius
698 3008 912 3118 colligere,
943 3005 1249 3120 quampluribus
1263 3007 1394 3094 uerbis
1416 3007 1482 3096 hic

139 3134 350 3221 describere
381 3136 484 3221 licet.
579 3251 582 3262 Ι

295 3332 333 3433 5.
358 3354 443 3422 20„
467 3328 663 3450 Qronium
695 3343 824 3420 autem
865 3327 936 3415 tria
976 3325 1078 3416 haec
1110 3325 1355 3450 problemata
1393 3349 1478 3432 unq
1522 3433 1527 3442 .

140 3459 360 3572 eodemque
390 3461 557 3546 niurntur
585 3457 872 3567 lirndamento,
912 3481 1035 3570 eoque
1075 3481 1158 3542 uon
1198 3456 1283 3545 satis
1319 3457 1471 3568 firmo,

140 3592 278 3702 prouti
311 3595 419 3700 supra
453 3587 706 3674 monstratum
739 3589 812 3674 else
844 3587 953 3674 nobis
981 3575 1262 3700 persuademus,
1288 3585 1385 3671 serio
1398 3579 1470 3672 do

139 3718 267 3803 lemus
299 3718 482 3804 iaebuam
515 3719 703 3831 temporis
731 3716 972 3830 improbique
1002 3716 1140 3804 laboris
1178 3708 1240 3799 Cl.
1277 3706 1474 3827 austeris,

140 3871 261 3959 quem
295 3847 386 3934 alias
416 3849 547 3960 magni
579 3845 737 3934 fecimus
766 3845 954 3961 hucusque
980 3865 1021 3933 et
1069 3847 1248 3934 sociemus
1293 3843 1445 3956 semper
1459 3832 1486 3955 ,’
1525 3897 1529 3902 -

141 3957 412 4088 lices'magnis
440 3975 500 4062 his
530 3976 622 4064 uusrs
651 3977 761 4063 nobis
776 3977 888 4090 plane
913 3975 1092 4066 excidisse
1109 3979 1295 4062 videatur.
1357 3973 1476 4087 Quod

142 4103 328 4216 reliquum
361 4105 446 4217 est,
471 4093 568 4192 'uiro
598 4104 696 4193 haud
730 4106 937 4220 vulgariter
954 4105 1086 4193 douo
1119 4103 1327 4192 meliorem
1339 4099 1476 4186 succes·

142 4228 226 4318 sum
257 4237 299 4321 in
331 4235 412 4321 aliis
455 4235 612 4320 eruditis
658 4235 972 4324 meditationibus
1021 4251 1063 4318 et
1109 4234 1372 4334 conaminibus
1397 4255 1474 4320 ex

140 4349 566 4484 animo'adprecamur.

757 4557 860 4646 Na
1158 4533 1464 4653 ',DE
