4475 5900
272 466 278 476 ·
444 464 540 563 nr
563 460 835 592 marma
861 462 1185 567 rrurrmra.
1334 484 1336 488 1
1412 500 1476 585 §a

251 694 426 805 3513.
459 697 958 787 Adsetuodamtabtdam
995 700 1098 815 quod
1145 702 1311 813 attinet,
1347 705 1476 799 ease

142 822 311 939 arnpiius
339 827 436 911 tueri
468 851 550 912 non
581 826 719 938 vaiet,
747 831 931 941 quoniam
965 832 1087 941 priori
1115 830 1363 943 superibudta
1393 834 1471 945 est,

139 971 186 1053 ¹et
218 952 428 1039 necefl'ario
457 976 635 1041 tonuere
676 958 792 1041 debet
828 958 1081 1043 fundamento
1118 961 1294 1069 sublato,
1331 961 1476 1049 scilicet

136 1080 199 1184 „ob
228 1106 414 1169 nummos
444 1102 537 1168 ante
567 1088 709 1167 citatos
738 1087 801 1171 ΝΩ
837 1107 879 1189 5.
925 1114 969 1189 9.
1015 1112 1086 1169 10.
1143 1115 1214 1173 12.
1271 1116 1342 1200 14.
1399 1114 1472 1194 115.

140 1234 227 1295 non
255 1212 406 1323 primos
436 1213 501 1295 sed
532 1210 799 1322 compositos,
830 1214 951 1299 iidem
990 1218 1144 1300 numeri
1185 1242 1268 1306 nou
1309 1221 1483 1331 amplius-

138 1356 251 1422 erunt
282 1339 477 1449 perfecti,
509 1339 572 1424 sed
604 1341 733 1450 potius
762 1342 1008 1443 abundantes.
1070 1344 1140 1429 Ex
1172 1372 1342 1432 numero
1374 1374 1471 1457 ergo

140 1487 216 1586 αφ.
250 1466 512 1576 perfectorum
543 1468 632 1552 adiu
662 1475 694 1547 6
698 1531 707 1549 .
741 1468 1027 1579 exeluduntur,
1058 1471 1197 1582 reliqui
1231 1492 1367 1559 autem
1386 1477 1475 1561 sunt

137 1590 335 1706 perfetii,
365 1615 434 1681 aut
465 1596 515 1681 ad
552 1598 762 1684 minimum
805 1597 943 1699 dubii,
978 1594 1019 1682 sr‘
1048 1600 1208 1709 quidem
1257 1604 1472 1689 admodum

142 1722 197 1807 est
228 1724 417 1832 difficile,
448 1749 523 1809 nec
551 1728 666 1809 unius
697 1725 869 1809 hominis
898 1728 981 1809 vita
1006 1726 1181 1834 suppetet
1225 1728 1272 1810 ad
1306 1732 1472 1814 demon-

134 1850 331 1938 strandum
371 1853 460 1937 illos
490 1870 556 1949 aut
595 1851 806 1964 persedit,
840 1867 905 1935 aut
947 1848 1222 1938 abundantibus
1273 1856 1474 1945 accensen-

132 1978 211 2063 dos
242 1976 333 2065 esse.
895 1999 900 2009 '

135 2204 139 2211 ι
277 2109 412 2213 §.14.
449 2106 717 2195 Numerorum
737 2107 998 2225 perfidiosum
1033 2125 1142 2197 notar
1174 2128 1215 2195 et
1244 2133 1372 2224 partes
1401 2114 1473 2201 aii-

131 2253 275 2349 quotae
299 2236 404 2347 quod
436 2240 656 2343 concernit,
690 2262 789 2349 quae
806 2266 846 2351 p.
888 2265 941 2320 10
994 2238 1257 2347 recensentur,
1275 2242 1365 2327 illae
1383 2268 1470 2327 am·

127 2365 228 2475 plius
260 2364 389 2451 valere
410 2390 492 2449 non
524 2362 704 2477 poffunt,
735 2366 919 2476 quoniam
953 2370 1062 2478 supra
1097 2368 1133 2469 §.
1157 2388 1197 2467 5.
1230 2369 1471 2456 demonstra·

130 2495 262 2577 vimus
310 2496 352 2578 in
404 2502 577 2585 numeris
616 2494 921 2604 abundantibus,
953 2494 1082 2609 quales
1114 2494 1180 2581 hic
1213 2498 1296 2581 sunt
1328 2498 1392 2586 ΝΩ
1421 2520 1472 2599 5.

36 2608 38 2613 ’
128 2646 174 2729 9.
201 2646 366 2707 10.1a.
393 2650 464 2730 14.
490 2642 543 2725 ις
581 2646 782 2709 numerum
800 2628 963 2733 partium
992 2624 1245 2734 aliquotamm
1275 2628 1325 2711 ad
1350 2626 1469 2712 mini·

128 2774 244 2835 mum
265 2752 429 2851 totidem
448 2750 526 2835 aliis
543 2752 758 2864 augendum
777 2748 866 2838 effe.
899 2752 971 2840 Illa
988 2772 1113 2839 autem
1133 2753 1282 2839 audiori
1312 2753 1469 2840 inserui-

120 2879 181 2988 ,it‚
199 2868 249 2966 ut
267 2878 307 2961 in
325 2879 460 2974 limine
476 2880 588 2966 huius
604 2881 786 2992 epistolae
811 2878 993 2966 affereret'
1032 2900 1168 2966 contra
1215 2880 1470 2968 Mersennum
1597 2920 1603 2931 ·

128 3001 213 3120 (nil
231 3005 307 3090 tale
325 3009 562 3118 cogitantem
585 3009 647 3090 sed
672 3010 721 3090 de
740 3014 905 3090 numeris
921 3010 1059 3118 primis
1076 3010 1326 3115 loquentem)
1353 3077 1378 3117 „
1396 3038 1468 3094 nu-

123 3159 312 3245 „merum
331 3133 544 3244 perunum
563 3159 633 3214 20.
654 3153 833 3218 notamm
867 3131 943 3216 effe
960 3131 1255 3243 impoffibilem,
1280 3139 1474 3246 quoniam

127 3261 270 3374 „esua
306 3263 396 3346 ierie
426 3281 495 3346 aut
532 3291 603 3368 19.
624 3280 689 3348 aut
721 3285 794 3343 22.
829 3263 933 3346 notis
962 3260 1137 3345 constare
1170 3263 1347 3347 debebat.

144 3477 148 3492 ,
270 3392 306 3494 §.
334 3415 351 3472 r
365 3413 422 3491 5.
442 3391 534 3477 Hoc
566 3410 612 3476 vt
643 3390 857 3501 probemus
885 3389 997 3474 nobis
1027 3386 1189 3476 sufficiat
1230 3393 1331 3476 circa
1373 3416 1467 3478 exa·

134 3545 232 3606 men
263 3522 416 3606 numeri
458 3519 618 3630 perfecii
652 3522 692 3603 in
736 3520 883 3602 ordine.
912 3515 1132 3604 duodecimi
1176 3547 1216 3629 p.
1264 3547 1335 3603 11.
1390 3545 1472 3626 74,

137 3650 233 3734 alias
265 3667 401 3758 partes
424 3647 609 3758 aliquotas
661 3648 829 3753 addere,
878 3671 974 3753 quae
1002 3647 1210 3732 ..euincunt
1257 3675 1474 3734 numerum

133 3775 244 3862 hunc
277 3775 582 3884 duodecimum,
617 3799 731 3887 quern
772 3777 810 3856 se
852 3773 1025 3882 primum
1058 3772 1276 3881 inueniffe,
1310 3792 1376 3859 aut
1418 3779 1475 3862 ad

131 3908 350 3990 ¹minimum
383 3903 657 3990 demonstratio
676 3930 767 3988 eum
801 3898 879 3984 effe
911 3901 1126 4013 perfeetum
1148 3970 1160 4011 ,
1184 3901 1277 3988 Cel.
1295 3911 1298 3914 ’
1313 3904 1476 3990 Auctor

132 4031 201 4120 fibi
234 4031 458 4145 persuadere
476 4031 665 4142 uidetur,
698 4031 913 4117 adiiciendo
944 4033 1044 4117 circa
1075 4029 1199 4119 finem
1233 4056 1320 4142 pag.
1354 4032 1473 4122 huius

136 4187 208 4274 rr.
232 4161 313 4244 hoe
331 4159 628 4272 Epiphonema:
648 4163 708 4246 En
725 4183 911 4246 numerum
932 4165 1095 4272 primum
1117 4161 1274 4278 perfidi
1299 4163 1470 4250 umere·-

132 4289 187 4372 mi
212 4291 498 4400 prodadaremi
530 4291 585 4376 nil
618 4291 744 4378 minus
777 4284 859 4369 effe.
884 4313 1002 4399 quam
1032 4285 1280 4402 perfetum,
1308 4291 1368 4374 ied
1389 4319 1468 4402 pc>

123 4417 208 4508 tius
238 4416 512 4508 abundantem.

753 4541 804 4635 M
838 4563 868 4646 e
1218 4549 1465 4653 erosae-fi
