4475 5900
776 518 870 619 ³56
1107 506 1191 597 DE
1219 496 1447 649 BEsTrrs
1478 496 1744 593 MARlNlS.
1793 626 1833 653 ff

768 748 877 854 rim,
910 739 1135 857 posteriores
1163 742 1298 853 pinnas
1330 736 1442 851 saepe
1469 742 1523 822 ex'
1541 734 1644 848 aquis
1659 730 1836 837 aeolum
1854 798 1867 839 ,
1883 732 1976 817 aifre
1994 732 2089 821 suffi-

767 879 909 975 cienter
939 870 1150 983 inspirato,
1184 889 1248 955 aut
1279 894 1302 954 e
1330 868 1552 956 continente
1586 886 1693 949 mare
1732 879 1904 976 petentes
1919 862 2088 973 primunr

767 1007 890 1151 rapite
921 1005 1026 1114 aquis
1062 997 1251 1085 submerso
1283 1017 1532 1108 merguntur,
1560 994 1674 1078 instar
1701 1014 1836 1100 rotae,
1876 1010 1922 1075 vt
1954 994 2087 1083 bestiae
2189 1012 2193 1025 '

767 1129 939 1218 marinae
971 1129 1185 1241 grandiores
1216 1127 1295 1209 fere
1345 1149 1482 1211 omnes
1529 1124 1656 1279 lutra,
1701 1123 1768 1209 leo
1816 1122 1905 1205 imo
1936 1124 2085 1215 balaena

764 1271 856 1346 orca
888 1278 931 1345 et
961 1259 1160 1369 phocaena
1185 1253 1281 1369 ipsa.

880 1389 1048 1505 Quando
1065 1392 1196 1470 laxum
1213 1382 1435 1490 ascendunt,
1451 1380 1663 1495 phocarum
1683 1382 1969 1491 morepinnatis
1984 1406 2083 1471 ante·

625 1555 628 1561 ·
763 1515 922 1602 rioribus
930 1512 1181 1626 pedibusillud
1193 1510 1694 1621 apprehendunt,reliquum
1711 1535 1850 1623 corpus
1866 1512 1999 1623 pnllse
2018 1536 2082 1601 tnr-

762 1643 889 1752 hunt,
921 1639 1035 1727 dorso
1063 1666 1170 1724 arcus
1199 1664 1315 1723 more
1348 1640 1565 1741 contrusio,
1599 1640 1786 1749 accepite
1808 1640 1991 1752 demisso,
2012 1670 2081 1754 quo

760 1772 923 1883 corpori
954 1769 1217 1853 elasticitatem
1251 1766 1480 1852 concilient:
1514 1766 1615 1853 cursu
1647 1767 1721 1850 rix
1753 1792 1797 1852 ac
1828 1794 1877 1853 ne
1907 1771 1980 1853 rix
2008 1773 2081 1882 qui-

754 1902 853 1986 dem
895 1898 1062 1983 aceleri
1108 1894 1256 1981 cursore
1303 1894 1546 2007 superantur,
1594 1894 1815 2007 praesertim
1865 1896 2081 1989 faenebre.

759 2028 852 2117 Nec
867 2028 1025 2113 dubium
1044 2026 1218 2110 multose
1234 2025 1342 2109 nobis
1358 2023 1503 2108 occisos
1512 2024 1655 2109 futuros
1671 2024 1773 2108 sitisse
1790 2025 1940 2135 abillis,
1958 2029 2083 2115 sitan·

756 2174 844 2241 tum
894 2156 1054 2265 pedibus
1100 2153 1313 2238 ualerent
1301 2179 1340 2235 ur
1370 2151 1623 2261 continente
1670 2172 1852 2265 quantum
1882 2156 1925 2241 iu
1958 2159 2080 2271 mari,

756 2306 829 2368 nec
858 2281 1072 2397 consultum
1104 2280 1201 2365 esi
1189 2306 1231 2365 rn
1265 2304 1403 2391 magna
1433 2280 1588 2390 planitie
1619 2306 1722 2365 cum
1743 2280 1815 2367 iliis
1839 2304 1984 2369 certare
2008 2292 2080 2378 ,ibi

708 2411 715 2494 l
755 2413 867 2495 crrim
901 2410 972 2495 rix
1001 2405 1198 2521 quisquam
1230 2404 1412 2518 effugiet,
1458 2410 1511 2492 ob
1541 2409 1582 2494 id
1613 2431 1746 2495 autem
1777 2412 1879 2522 quod
1929 2416 2079 2503 acclinia

755 2539 840 2627 loca
869 2537 1066 2623 ascendere
1099 2554 1319 2647 nequeunt,
1350 2536 1443 2621 haec
1472 2538 1581 2623 nobis
1610 2537 1761 2649 semper
1790 2538 1893 2624 filuti
1922 2542 2077 2629 lireirrnt.

753 2666 986 2755 Obsidemnt
1018 2688 1087 2749 me
1114 2663 1314 2775 aliquando
1350 2664 1551 2776 plusquam
1598 2692 1669 2777 per
1702 2675 1747 2750 6
1779 2665 1893 2753 horas
1925 2692 1969 2756 et
1998 2693 2080 2757 tan-

750 2796 849 2880 ilem
880 2812 1117 2905 coegerunt,
1152 2810 1196 2876 vt
1229 2792 1408 2877 maximo
1437 2795 1542 2878 ritae
1573 2796 1787 2880 discrimine
1814 2800 2077 2912 praecipitium

751 2922 1016 3029 ascenderem,
1046 2945 1186 3034 tneque
1218 2918 1290 3006 hac
1322 2922 1471 3008 ratione
1500 2924 1604 3009 iratis
1632 2916 1692 3010 his
1724 2922 1848 3010 bestiis
1878 2923 2077 3018 subducere

749 3042 921 3166 poliam

866 3165 909 3268 Si
941 3205 1142 3268 numemm
1175 3179 1272 3266 inire
1303 3181 1499 3291 debeam,
1544 3200 1640 3298 quot
1678 3181 1905 3272 viderim
1891 3213 1934 3272 rn
1968 3187 2077 3278 insule

748 3302 948 3422 Beringii,
980 3312 1118 3424 absque
1151 3311 1354 3396 mendacio
1383 3313 1513 3396 dicam
1561 3335 1793 3460 computum
1844 3315 1949 3400 inere
2000 3343 2076 3404 non

746 3439 890 3553 posse,
924 3437 1215 3524 innumerabiles
1245 3433 1347 3548 esse,
1379 3456 1512 3526 totum
1550 3441 1638 3528 litus
1685 3445 1799 3540 maris
1843 3451 2074 3556 oooperire,

747 3575 820 3652 ine
849 3587 891 3654 et
921 3560 1130 3653 Casaccum
1162 3591 1306 3653 meum¹
1331 3568 1647 3656 obambulantem
1665 3588 1791 3657 totam
1810 3569 1969 3658 insulam
1987 3601 2072 3688 qra-

744 3688 968 3809 quauersum
999 3695 1145 3808 saepius
1172 3695 1364 3807 coegisse,
1396 3698 1538 3784 relidlis
1568 3699 1738 3786 litoribus
1768 3719 1925 3787 montes
1941 3723 2071 3814 petere

743 3843 787 3910 et
819 3829 862 3912 in
893 3828 1048 3915 illomm
1080 3828 1226 3911 uertice
1259 3825 1416 3937 operose
1444 3829 1552 3913 uiam
1573 3827 1754 3941 prosequi.
1780 3863 1783 3866 ·
1822 3825 1964 3918 Lutrae
1990 3859 2073 3920 ma·

742 3955 849 4041 tinae
879 3983 948 4042 eos
979 3955 1090 4041 valde
1137 3951 1389 4040 reson'nidanr
1419 3973 1459 4040 et
1488 3955 1712 4042 rariffiure
1700 3975 1798 4045 tuter
1829 3959 1917 4045 illos
1964 3965 2072 4048 inue-

742 4082 924 4196 niunnrr,
955 4086 1172 4196 pariterue
1203 4085 1382 4194 phocae,
1412 4084 1542 4210 leones
1590 4104 1720 4172 aurern
1762 4091 1900 4174 marini
1937 4089 2071 4232 ingen

742 4207 845 4294 tinus
872 4214 1046 4324 gregibus
1075 4215 1175 4297 inter
1202 4211 1285 4298 illos
1315 4213 1485 4300 habitant
1514 4239 1561 4301 ac
1591 4215 1707 4302 valde
1737 4217 1951 4322 timentur,
1992 4215 2070 4332 pn’·

740 4351 807 4422 ma
839 4337 990 4450 semper
1019 4343 1103 4428 loca
1136 4357 1360 4454 occupant,
1391 4367 1466 4428 nec
1496 4341 1644 4432 sacile
1631 4369 1672 4429 ru
1703 4345 1856 4432 illorum
1898 4351 2067 4457 praeien-

738 4464 796 4551 tia
824 4465 910 4558 litet
938 4489 1129 4584 mount,
1158 4497 1209 4561 ne
1238 4467 1313 4562 boe
1338 4475 1502 4566 cardeles
1532 4473 1693 4568 arbitrtu
1720 4477 1998 4593 experiantur,
2026 4479 2068 4568 bi

1956 4625 2064 4694 enm
