4475 5900
737 479 836 572 ori
1065 412 1149 543 nn
1180 444 1401 541 unsrun
1430 436 1711 543 namura.

696 755 701 765 .
737 687 1006 807 palmipedum
1041 682 1154 797 digiti
1198 680 1482 795 distinguuntur.
1544 672 1832 797 Singili-digiti
1880 675 2072 791 ngttilrrn

742 824 861 930 nigris
889 816 1069 923 aduncis,
1100 810 1275 899 breuibus
1304 811 1579 925 praefiniuntur
1610 836 1655 892 a.
1685 806 1961 920 lmettlougir:
1979 834 2069 921 qm-
2117 828 2120 833 “

745 971 834 1033 tnor
862 946 1002 1031 extimi
1037 944 1148 1055 digiti
1179 942 1308 1054 singuli
1340 970 1384 1049 4.
1416 940 1739 1029 articulatiouibus
1773 934 1983 1045 constant,
2009 940 2070 1022 in⁴

207 1074 214 1085 ’
400 1116 408 1127 ·
571 1151 574 1156 ,
745 1080 862 1163 timus
892 1075 1023 1159 tribur.
1067 1071 1285 1173 ‚Extimua
1313 1072 1450 1183 digitur
1480 1085 1670 1181 praeterea
1699 1068 1749 1153 ad
1780 1066 1901 1153 latera
1912 1066 1993 1151 latr
2008 1092 2068 1153 tu·

746 1226 788 1289 te
818 1222 1003 1315 augetur,
1035 1217 1081 1285 rt
1110 1204 1150 1285 in
1182 1201 1313 1286 auibus
1347 1197 1666 1312 palmipediburt
1707 1194 1847 1308 digitus
1891 1212 2072 1282 exteram

748 1332 900 1447 reliquis
931 1328 1124 1421 tantillum
1155 1328 1338 1441 longior,
1369 1327 1625 1441 subsequenter
1644 1324 1832 1438 undatim
1848 1322 2071 1411 notiores:

573 1538 576 1543 .
749 1460 891 1569 tarsus,
922 1457 1137 1545 metaurus
1167 1473 1208 1539 et
1238 1456 1349 1567 digiti
1381 1474 1463 1541 tam
1495 1476 1648 1567 prone,
1676 1478 1795 1566 qanto
1826 1453 1970 1563 supine·
1988 1455 2073 1566 pilia

730 1591 871 1695 ttoni,
901 1588 1074 1694 exceptis
1106 1584 1316 1693 digitorum
1349 1584 1545 1695 apicibus,
1588 1584 1654 1695 qui
1682 1580 1781 1711 calui
1811 1582 1909 1692 nigri
1960 1580 2072 1695 asperi

749 1718 865 1824 suut,
892 1730 938 1795 ut
969 1713 1100 1819 planta
1128 1711 1269 1821 pedum
1302 1714 1545 1801 anteriorum.
1578 1712 1761 1827 Quamuis
1789 1707 1831 1795 hi
1848 1712 1968 1822 pedes
1986 1736 2076 1824 pen-

751 1845 860 1950 nati,
892 1839 1096 1951 pinnarum
1129 1838 1233 1921 uices
1263 1834 1446 1946 subeant,
1477 1840 1763 1951 plurimummre
1800 1842 1950 1925 natanti
2002 1817 2077 1925 a'ni·

754 1969 848 2059 mali
874 1990 1036 2080 operam
1067 1965 1287 2084 pandent,
1320 1965 1443 2053 nihilo
1474 1986 1610 2053 tamen
1640 1954 1768 2054 minut
1793 1969 1835 2052 in
1864 1969 2079 2055 continente

753 2098 863 2185 aliter
892 2120 938 2181 ac
967 2096 1008 2187 in
1041 2094 1169 2206 phoca
1200 2096 1345 2207 pedum
1379 2090 1515 2181 officio
1542 2096 1688 2183 menne
1717 2090 1950 2207 ffingmun,
1981 2100 2078 2212 qood

753 2250 852 2311 uero
865 2218 1011 2309 cursum
1028 2225 1326 2336 quodammodo
1353 2244 1596 2333 remoratur,
1626 2224 1856 2335 longitudini
1874 2229 2005 2337 potius
2017 2252 2082 2341 pen

700 2466 703 2471 Δ
754 2358 848 2443 dum
882 2353 1168 2464 posteriorum,
1197 2370 1236 2435 et
1267 2352 1369 2462 quod
1398 2376 1474 2437 ano
1492 2354 1696 2440 viciniores
1711 2352 1784 2440 lint
1799 2419 1812 2461 ,
1830 2356 2082 2443 tribuendum.

700 2539 703 2544 ,
873 2481 983 2567 Penio
1011 2482 1053 2566 in
1081 2477 1251 2567 mascrrlo
1280 2480 1429 2590 osseus,
1477 2482 1518 2565 in
1549 2483 1688 2595 uagitu
1719 2481 1783 2567 sub
1812 2501 1899 2569 cute
1949 2510 2080 2571 teron

755 2601 856 2701 dimo
884 2610 1039 2697 tertiam
1071 2610 1243 2722 corporis
1273 2609 1342 2695 rbi
1370 2606 1548 2695 exseritur
1577 2610 1799 2697 inchoatur
1829 2610 1872 2696 in
1912 2610 2023 2701 lutra

874 2736 923 2825 In
954 2737 1130 2827 ormena
1159 2754 1288 2825 autem
1321 2738 1540 2850 pudendum
1557 2739 1637 2825 litis
1653 2738 1835 2851 amplum
1859 2738 1954 2829 infru
1971 2769 2084 2832 annm

672 2854 679 2865 ’
758 2865 886 2956 statim
931 2868 1079 2982 srtum3
1131 2892 1220 2954 anus
1249 2870 1380 2954 autem
1413 2868 1596 2978 perinaeo
1624 2866 1748 2982 piloso
1778 2868 1826 2955 ad
1858 2894 1984 2958 unum
2001 2874 2086 2988 pol·

756 2997 871 3084 licem
903 2999 1123 3110 trpudendo
1136 2994 1333 3108 separatus.
1361 2995 1539 3085 Telliculi
1569 2994 1660 3084 soris
1690 3023 1768 3084 non
1797 3003 1970 3086 multum
2002 3029 2090 3117 pro

759 3129 942 3230 minent,
976 3151 1046 3212 nec
1077 3123 1259 3240 peculiari
1288 3124 1417 3213 locum
1447 3115 1719 3237 includuntur,‘
1767 3125 1829 3215 sed
1867 3131 2091 3218 immediata

759 3277 849 3342 cute
878 3253 1135 3344 imroluuntur.
1237 3345 1241 3354 ,

775 3499 779 3509 1
877 3380 1010 3470 Cruda
1040 3381 1166 3474 sonna
1196 3384 1348 3497 quidem
1403 3384 1581 3474 sutrium
1612 3383 1847 3477 exadisfime
1879 3387 1993 3478 refert
2010 3461 2023 3504 ,
2039 3391 2091 3481 lit·

737 3535 884 3627 'perne
914 3531 955 3598 et
984 3510 1127 3600 inferne
1159 3513 1233 3598 sere
1264 3515 1406 3626 plana,
1438 3515 1541 3626 lata,
1572 3514 1685 3602 latera
1719 3516 1835 3630 triplo
1883 3521 2095 3633 angustiora

651 3628 666 3660 ’
761 3643 910 3750 habet,
940 3667 986 3726 ac
1016 3668 1039 3726 a
1070 3647 1196 3730 radice
1226 3644 1357 3729 sensim
1393 3648 1430 3730 in
1462 3669 1623 3732 acumen
1656 3645 1819 3754 desinit,
1850 3645 2007 3735 breuior
2042 3672 2095 3738 ta·

763 3797 858 3858 men
891 3771 1056 3857 multum
1086 3773 1162 3882 eil,
1190 3799 1307 3888 quam
1340 3773 1383 3860 iu
1431 3773 1529 3858 lutra
1558 3797 1737 3887 aquarum
1753 3775 1933 3862 dulcium.
1973 3778 2026 3866 {u
2044 3783 2096 3867 lu

763 3915 821 3981 tra
851 3923 1032 4008 aquamm
1063 3902 1231 3990 dulcium
1265 3903 1384 3988 cauda
1414 3901 1614 3990 dimidiam
1645 3903 1765 3988 totinr
1800 3908 1923 3992 trunci
1972 3909 2097 4022 longi·

763 4025 936 4109 tudinem
969 4027 1149 4137 obtinet,
1182 4031 1224 4115 in
1256 4034 1407 4118 marina
1437 4025 1522 4136 4⁸³
1552 4027 1802 4117 solummodo
1830 4052 2000 4145 partem.
2051 4038 2098 4126 ln

764 4141 863 4232 lutra
911 4151 1081 4241 fluuiatili
1113 4157 1339 4268 posteriores
1369 4159 1485 4272 podes
1513 4157 1676 4271 broten,
1725 4183 1940 4275 eorumque
1987 4191 2097 4255 man-

609 4302 612 4306 ’
763 4269 843 4414 suta
875 4273 993 4416 sexies
1022 4284 1064 4369 in
1094 4306 1240 4372 trunco·
1259 4290 1510 4395 continetur,
1539 4288 1582 4372 in
1610 4290 1760 4376 marina
1790 4311 1923 4380 autem
1952 4323 2004 4402 4.
2030 4295 2098 4383 sal·

763 4415 841 4488 lim
871 4398 1049 4521 Ἡίίδῑΰς
1078 4434 1283 4529 propterea
1311 4425 1353 4506 et
1380 4415 1501 4514 catria
1531 4412 1684 4511 barin
1734 4419 1912 4541 multtnn
1948 4427 2102 4518 tidetru

1534 4593 1540 4604 ·
2058 4582 2097 4648 tu
