4475 5900
760 488 849 576 272
940 514 944 525 ·
1007 457 1385 566 -ousntusnrlo
1418 466 1781 570 suaromton

879 703 996 794 ona
1026 705 1163 794 horum
1196 706 1447 796 musculonrm
1497 705 1648 820 tenua,
1698 695 1847 818 tensis,
1894 695 1968 792 lara
2008 723 2081 794 ex·

755 830 916 946 pansus,
951 833 1125 922 fasciculis
1156 839 1356 924 teudinofis
1385 838 1610 947 distinctus,
1641 839 1847 924 communi
1871 833 1947 924 vbrit
1979 835 2085 948 prin·

755 965 879 1075 cipio.
942 969 992 1050 Et
1019 968 1177 1077 quidem
1208 971 1379 1080 primurn
1411 968 1516 1052 tenui
1544 967 1675 1052 lunato
1703 963 1819 1052 initio
1842 989 1872 1050 a
1912 965 2086 1076 rmrgine

755 1091 878 1202 priori
907 1091 1051 1203 sterni,
1081 1098 1188 1181 ittxta
1217 1097 1312 1180 laon
1341 1097 1562 1210 opposrtrnn
1601 1113 1708 1180 ortrrs
1745 1090 1906 1180 mustrrli
1945 1093 2085 1203 petio·

755 1220 845 1305 ralis
874 1220 1035 1331 sinistri,
1076 1225 1124 1312 ad
1173 1225 1358 1338 plagam,
1409 1249 1481 1334 qua
1528 1224 1707 1334 cartilago
1762 1223 1916 1334 quintae
1959 1221 2087 1306 coliae

754 1345 824 1432 oss'r
852 1348 1006 1459 pectori
1036 1351 1236 1460 inseritur,
1270 1351 1373 1440 fibris
1401 1351 1612 1461 distinctis,
1660 1349 1910 1456 tenuissimis,
1960 1349 2086 1434 tendi·

554 1499 608 1580 (a)
636 1501 694 1562 racc
720 1477 838 1565 raris
868 1473 945 1593 (8).
1002 1478 1156 1568 Deinde
1202 1500 1308 1580 retro
1354 1479 1624 1587 dextrorsum,
1664 1498 1706 1564 et
1737 1478 1860 1590 magia
1905 1474 2085 1564 inferiora

758 1604 912 1710 versus,
941 1607 1011 1692 rbi
1051 1608 1219 1694 stemum
1267 1609 1405 1720 recipit
1454 1607 1711 1718 cartilaginem
1764 1607 1911 1694 sextam
1962 1605 2084 1691 costae

550 1761 617 1846 (9)
638 1733 949 1842 urr.rrdextrae‚
980 1753 1096 1848 atque
1123 1761 1147 1820 a
1179 1737 1393 1848 ligamento
1422 1734 1525 1824 hunc
1556 1735 1757 1822 articulum
1788 1733 1969 1823 finnante
2000 1731 2083 1849 (9).

757 1861 800 1947 T
799 1862 902 1946 ertio
931 1881 1068 1970 atota
1100 1865 1169 1952 ista
1201 1866 1408 1976 distantia,
1439 1889 1538 1978 quae
1569 1864 1668 1949 inter
1698 1863 1825 1950 costae
1840 1862 1968 1948 smine
1987 1864 2083 1948 inar-

758 1990 1052 2099 ticulationem‚
1100 1993 1326 2106 cartilaginis
1354 1993 1464 2080 stemi
1497 2009 1741 2080 mucronatae
1774 2013 1928 2106 partem
1959 1989 2086 2102 lirpre·

758 2142 905 2226 mam,
933 2137 1047 2232 amne
1077 2123 1302 2232 cartilaginis
1316 2122 1440 2206 costae
1471 2122 1658 2230 septimae
1675 2120 1831 2206 insertae
1848 2123 2082 2205 anteriorem

758 2265 799 2330 et
815 2243 1034 2333 inferiorern
1052 2271 1204 2360 partem
1224 2316 1236 2356 ,
1255 2251 1294 2334 in
1327 2251 1470 2334 dextro
1487 2248 1628 2357 latere,
1661 2250 1736 2355 est,
1753 2275 1823 2362 per
1854 2247 1969 2334 fibras
2003 2270 2083 2332 teo·

556 2374 912 2483 (colmancanus,
941 2377 1067 2487 magis
1095 2377 1362 2488 exporret'tas,
1398 2396 1530 2462 tenues
1546 2373 1654 2491 (ro).
1689 2376 1746 2463 Et
1762 2378 1917 2489 quidem
1938 2381 2085 2462 brenmt

759 2522 863 2588 ortus
890 2502 1013 2589 huius·
1030 2507 1194 2591 distincti
1216 2506 1376 2592 fasciculi
1409 2531 1431 2590 a
1462 2523 1568 2616 parte
1597 2507 1784 2592 anteriore
1800 2502 1979 2592 inferiore
1998 2505 2084 2590 ller-

759 2632 802 2717 ni
832 2632 879 2718 ad
910 2632 1144 2745 cartilaginis
1172 2636 1298 2722 costae
1329 2634 1456 2719 sextae
1504 2635 1877 2741 inarticulatioocm,
1916 2634 1994 2720 late
2017 2658 2086 2718 ex·

761 2761 895 2871 pansi,
925 2760 989 2846 sed
1037 2783 1201 2874 tenrres;
1245 2763 1364 2850 librae
1394 2764 1541 2848 etenim
1591 2761 1809 2850 tendinosae
1854 2763 1992 2850 lunato
2019 2763 2085 2848 du·

721 2886 859 2998 eiu,
892 2914 970 2999 quo
997 2890 1212 2999 inferiores,
1245 2915 1294 2977 oo
1326 2891 1548 3003 longiores,
1596 2892 1647 2980 ab
1675 2912 1764 2979 ortu
1802 2891 1868 2979 suo
1915 2890 2084 3005 sparsae,

361 3058 376 3073 .
562 3052 635 3123 (aa)
647 3016 1022 3113 ercammarum
1051 3022 1187 3109 arctius
1210 3022 1360 3107 imciae
1374 3021 1531 3107 coibant
1549 3016 1658 3139 (ra).
1679 3022 1831 3137 Quarto
1847 3021 1968 3109 altem
1982 3019 2083 3105 fasci·

417 3241 421 3251 ,
596 3129 712 3199 Μ
761 3147 851 3234 culo
866 3148 1063 3257 distinsio,
1080 3150 1364 3260 graciliori,sed
1382 3150 1606 3257 robustiori,
1623 3178 1646 3237 a
1663 3153 1838 3263 margine
1855 3150 1978 3263 priori
1994 3146 2084 3233 infe

759 3276 853 3359 riori
870 3278 1098 3387 cartilaginis
1113 3278 1238 3363 tollae
1262 3276 1444 3388 septimae
1471 3281 1641 3365 moxubi
1660 3278 1720 3363 illa
1728 3281 2085 3365 adscendenscrcuc·

764 3428 837 3489 mo
858 3403 924 3488 suo
953 3405 1061 3489 iuxta
1089 3426 1134 3489 ct
1150 3405 1259 3515 supra
1275 3406 1537 3516 crnilagiucm
1557 3428 1820 3507 mucronatanr
1845 3408 1977 3496 llemo
1992 3404 2083 3493 inst-

561 3540 755 3618 arem!
763 3533 858 3617 ritrrr
889 3527 995 3647 (η).
1030 3534 1126 3620 Erat
1157 3554 1285 3619 autem
1303 3534 1538 3645 principium
1571 3537 1650 3623 hoc
1664 3535 1786 3627 latum
1804 3536 1909 3623 fibris
1925 3532 2084 3621 tenuislr·

763 3660 841 3745 mis
869 3665 1044 3748 radiatim
1093 3662 1247 3775 sparsis,
1288 3688 1385 3774 quae
1418 3664 1505 3775 post
1553 3686 1681 3751 ortum
1733 3666 1887 3778 oblique
1935 3664 2084 3752 adscen-

762 3790 891 3875 dendo
918 3792 1108 3902 coibant,
1139 3792 1277 3879 deinde
1308 3794 1443 3879 attilus
1472 3794 1749 3905 iungebantur,
1781 3814 1897 3903 atque
1937 3793 2086 3879 inustae

764 3914 979 4007 fascicrrlum
1009 3920 1260 4006 robustiorem
1292 3921 1334 4003 in
1364 3922 1498 4007 medio
1528 3920 1595 4007 suo
1624 3920 1973 4033 cnnprntnrnum
1997 3944 2087 4007 con·

558 4038 1184 4162 >i¹s)¹i‘1·ssltitrrcbrnt(rnl,qui
1205 4046 1360 4158 superne
1378 4048 1538 4156 ,sensim
1567 4051 1689 4161 magis
1720 4068 1760 4137 ct
1791 4052 1913 4160 magis
1928 4048 2089 4162 dispersis

564 4168 903 4283 (sanisssibtis,
940 4176 1050 4264 latior
1086 4175 1202 4262 sosius
1238 4179 1377 4262 itcnrm
1405 4178 1623 4289 diuergebat
1656 4174 1764 4291 (14).
1844 4180 1999 4295 Qrinto
2037 4179 2087 4263 lr-

562 4317 843 4412 rnnuiamto,
871 4308 976 4385 tenui
993 4370 1005 4407 ,
1023 4327 1063 4391 tt
1078 4309 1194 4420 longe
1210 4302 1376 4415 expanso
1393 4306 1614 4418 ‚principio
1629 4301 1669 4419 (r
1679 4304 1725 4423 ς)
1749 4308 1798 4403 ab
1813 4304 2088 4419 aponeumseoa

765 4424 925 4517 rancun
955 4431 1109 4546 oblique
1148 4435 1298 4523 externi
1349 4454 1457 4556 parte
1488 4434 1714 4548 superiore,
1763 4436 1813 4524 nd
1842 4438 1977 4523 locum
2011 4459 2089 4548 quo
