4475 5900
365 378 634 475 ucumnt
659 340 1084 480 tanturm.
1331 324 1437 499 μὴ,

109 624 173 727 ad
191 614 498 728 &momen
528 624 658 740 moto
686 624 794 737 upa
827 622 1021 733 urano
1049 624 1318 711 numum
1350 628 1419 713 tao

110 776 188 837 uer
216 770 430 863 appareat,
460 757 612 863 poterit
640 777 780 863 margo
808 750 943 868 Lunae
971 748 1143 863 superior
1169 754 1222 839 ad
1249 737 1434 865 capillum

50 872 377 967 'GCceturit
408 879 820 991 paribusrdmoueri,
851 902 894 966 et
923 879 1076 975 iuhoc
1105 880 1309 967 litustellt
1338 884 1436 987 defi,-

105 1006 241 1091 derata
265 1009 497 1118 expectari,
525 1032 617 1095 cum
645 1034 722 1121 qua
733 1010 870 1095 iisdem
885 1009 1206 1093 obsentationibtu
1230 1010 1436 1118 initiaris,

105 1158 209 1246 quae
239 1138 280 1219 io
310 1136 438 1247 §pho
464 1136 749 1245 describuntur,
779 1137 924 1249 positio
953 1133 1086 1222 Luuau
1116 1136 1167 1221 ad
1196 1161 1284 1221 earn
1303 1137 1435 1222 stmul·

103 1284 184 1371 que
214 1260 388 1375 respectu
417 1267 662 1377 aequarunt,
694 1266 837 1351 eodem
874 1264 1003 1350 modo
1053 1284 1099 1350 ut
1130 1270 1171 1348 in
1203 1264 1325 1377 §pho
1352 1264 1437 1353 hoc

104 1388 255 1477 fidunt
284 1392 372 1498 cst,
399 1393 734 1479 determinabittu.

225 1520 265 1621 §-
304 1543 375 1603 ιο.
407 1521 509 1605 Fieri
537 1540 670 1607 autem
701 1520 859 1609 fortalss
887 1522 1044 1635 potest,
1094 1541 1142 1607 tt
1174 1521 1278 1609 nulla
1327 1522 1436 1609 stella

104 1643 264 1735 Lunum
290 1647 476 1759 sequens,
509 1651 550 1733 in
578 1650 707 1735 fitibus
738 1647 873 1735 Lunae
892 1652 952 1735 ad
981 1648 1162 1760 capillum
1192 1646 1291 1738 GC
1327 1650 1437 1762 supra

102 1776 308 1887 descriptis
336 1777 424 1888 poll
452 1777 658 1863 dinudoun
690 1779 810 1860 etiarn
845 1776 968 1861 horae
999 1776 1131 1861 tubum
1170 1778 1436 1897 ingrediatur,

106 1928 182 2017 per
213 1904 435 2016 sillemaque
466 1906 696 2015 capilloruu
736 1900 907 1989 nauseat.
980 1902 1030 1987 lu
1059 1927 1113 1989 eo
1142 1906 1227 1989 casu
1274 1930 1435 2018 quaera-

104 2053 170 2119 ωε
201 2033 246 2115 io
274 2034 394 2119 coelis
423 2030 660 2142 inspiciendo
691 2057 765 2143 per
795 2033 931 2117 tubtun
956 2048 1044 2118 aute
1061 2028 1216 2117 Lunam
1234 2034 1275 2117 iu
1292 2034 1435 2117 vicinia

102 2159 282 2246 eiusdem
314 2158 445 2267 stella,
474 2162 638 2245 euudun
668 2161 821 2243 tuerer
845 2182 949 2245 'curn
982 2157 1092 2244 Luna
1135 2156 1436 2247 declinationem

105 2286 284 2396 hauns,
317 2285 468 2373 velita
496 2291 548 2373 ud
577 2286 733 2374 Lunam
766 2284 920 2396 pofita,
951 2302 1000 2367 ut
1029 2286 1060 2370 li
1091 2288 1350 2397 permeditun
1375 2306 1435 2371 tu·

106 2416 147 2501 oi
178 2414 375 2520 tanseat,
406 2414 591 2527 motuque
621 2415 813 2499 immotto
841 2411 1103 2526 relinquatur,
1133 2409 1246 2497 Luuu
1276 2438 1434 2525 quoque

103 2545 244 2629 rubum
274 2559 364 2627 aute
392 2540 603 2633 dimiditun
634 2540 755 2625 horae
788 2539 965 2651 ingredi,
995 2537 1233 2651 capillosque
1264 2541 1438 2647 fistema·

103 2674 154 2757 tis
183 2671 369 2783 attingere
400 2666 528 2782 polstt.
592 2660 714 2786 Quod
740 2668 811 2753 tbi
838 2670 1043 2779 euenerit3
1075 2666 1241 2777 eligatur
1269 2671 1311 2753 iu
1326 2668 1435 2753 disto

106 2796 276 2910 Lunae,
306 2799 400 2883 dunt
434 2796 570 2885 eadem
602 2800 743 2887 tubum
770 2797 902 2907 primo
930 2796 1019 2907 post
1050 2796 1195 2880 stellam
1237 2816 1438 2907 transgre-

104 2926 240 3036 ditur,
268 2926 458 3039 puudum
487 2922 572 3012 sstis
601 2925 824 3012 distindttun
856 2942 900 3010 et
915 2924 1053 3010 medio
1077 2923 1159 3008 tubi
1175 2928 1435 3038 proximum,

104 3054 397 3167 obsttnrenuque
432 3063 499 3136 ι·ὀ
531 3053 705 3141 molitus
736 3051 871 3164 punffl
901 3051 1014 3155 huius
1042 3074 1117 3162 per
1146 3052 1343 3164 distantias
1373 3055 1434 3138 io·

86 3182 202 3272 terst
229 3181 459 3296 capillorum
489 3206 656 3292 omnes,
693 3183 738 3264 in
768 3179 840 3266 litu
868 3178 1000 3292 capilli
1030 3173 1133 3266 GC
1164 3179 1213 3264 ad
1245 3180 1432 3266 diurnum

105 3313 243 3426 prodi
275 3313 482 3424 paullulo,
513 3331 556 3396 et
586 3329 768 3423 tempora
796 3308 1022 3394 tranlittutm
1072 3331 1144 3417 per
1175 3331 1433 3419 unamquam-

103 3465 181 3555 que
228 3439 441 3526 ddlnutiam
495 3438 654 3525 seotfinr
710 3456 933 3544 notenttu,
979 3435 1167 3546 limulque
1215 3435 1433 3523 inueniatur

99 3567 242 3682 pondi
273 3569 385 3654 huius
412 3567 521 3653 locus
547 3569 590 3652 iu
616 3567 722 3654 disco
758 3563 923 3674 eruae,
956 3567 1033 3650 seu
1059 3562 1206 3676 politio
1260 3565 1434 3652 eiusdem
1467 3607 1471 3614 ·

104 3699 148 3784 iu
179 3697 302 3784 ooelit
329 3695 507 3809 respectu
536 3695 660 3780 ceutri
687 3693 853 3802 Lunae,
883 3695 1030 3780 eodem
1064 3693 1195 3778 modo
1228 3716 1311 3804 quo
1334 3695 1442 3807 poli·

106 3826 238 3911 tiones
268 3813 507 3912 mandarum
524 3820 720 3910 Solarium
753 3826 795 3908 in
825 3819 930 3908 disco
959 3819 1062 3908 Solis
1095 3821 1220 3932 uulgo
1235 3813 1434 3910 obstruam

107 3970 192 4061 tur,
215 3971 262 4037 rt
283 3949 351 4040 sc.
384 3951 706 4067 perpendicularis
732 3975 758 4034 e
789 3951 938 4064 pundo
970 3951 1042 4037 illo
1072 3947 1437 4040 io'dituouurteu·
1587 3945 1593 3952 ’

105 4082 157 4166 tri
187 4077 321 4166 Lunae
347 4073 544 4190 demiffa,
571 4098 613 4166 ot
644 4080 816 4166 dilluutu
846 4077 1111 4191 perpendiculi
1142 4077 1258 4166 huius
1285 4108 1310 4166 a
1338 4107 1441 4168 cen·

105 4224 172 4293 rto
201 4207 333 4295 laruae
370 4212 413 4294 itt
440 4208 586 4326 eodem
614 4209 787 4318 diurno,
815 4231 889 4324 uec
919 4209 1220 4326 uon-diameter
1241 4207 1335 4294 disci
1355 4210 1435 4326 Lu·

104 4359 181 4427 me
211 4335 503 4429 oscillatiouibtu
531 4336 729 4452 horologii
756 4337 807 4426 ad
838 4353 998 4440 mooun
1029 4335 1162 4424 Lunae
1199 4337 1437 4582 relagrsege
