4475 5900
447 426 712 531 ucrrrsrs
741 432 1151 533 murmurum
1363 461 1453 557 μς

137 659 237 774 quod
253 658 424 780 ‘describi
454 662 592 755 facilius
623 694 737 778 quum
770 672 944 780 praestari
978 672 1110 782 potest.
1154 666 1321 782 Capillus
1345 699 1455 763 nam·-

137 818 225 902 quo·
243 794 452 879 immobilis
479 798 527 881 ad
560 797 724 881 limbum
755 798 844 883 disci
883 797 1116 907 difficulter,
1164 800 1229 883 u'el
1277 802 1458 889 rariffime

136 938 320 1029 tantum,
352 923 403 1005 ita
447 926 556 1033 dirigi
586 929 741 1035 potest,
783 948 831 1013 ut
861 949 902 1013 et
928 930 1096 1015 limbum
1130 946 1286 1039 tangat,
1336 949 1381 1013 et·
1410 932 1460 1017 sr·

123 1050 219 1133 <mul
252 1052 300 1132 ad
333 1073 471 1135 cornua
503 1054 658 1164 phaseos
689 1054 880 1166 parallelus
905 1058 981 1169 lit3
1013 1081 1152 1142 cornua
1170 1059 1277 1141 enirn
1306 1058 1459 1167 phaseos

133 1178 176 1263 in
209 1179 320 1261 omni
351 1182 479 1290 oclipli
511 1182 665 1292 partiali,
690 1204 801 1270 motu
834 1184 1001 1295 angulari
1016 1176 1033 1275 ζ
1064 1208 1103 1269 et
1136 1186 1278 1270 limbus
1309 1184 1395 1270 disci
1412 1188 1461 1273 fi-

131 1304 218 1389 mul
250 1332 339 1391 cum
371 1312 543 1401 cornibus
572 1331 687 1395 motu
720 1314 835 1423 primi
867 1313 1023 1399 mobilis
1051 1312 1283 1423 progreffiuo
1334 1316 1457 1400 conti-

131 1457 212 1517 nuo
243 1452 291 1515 et‘
313 1434 528 1528 senlibiliter
557 1460 790 1547 mouentur,
822 1444 954 1548 adeo,
987 1459 1031 1524 ut
1062 1442 1217 1549 capillus
1248 1444 1458 1527 micronia-

127 1564 181 1657 tri
214 1565 254 1643 in
285 1563 397 1647 itum
429 1565 604 1651 cornibus
637 1569 849 1677 parallelum
884 1589 973 1653 ante
1003 1570 1224 1665 contuitum
1256 1592 1349 1651 cum
1366 1571 1458 1655 lim-

129 1688 185 1773 bo
211 1690 281 1774 libi
311 1692 510 1777 occursuro
539 1699 728 1803 componi
757 1696 926 1808 debeat3
956 1692 1031 1787 sed·
1045 1714 1251 1805 tempore,
1303 1698 1405 1806 quod
1434 1723 1458 1782 a
1565 1736 1570 1749 ’

127 1817 372 1926 dispofitiooe
401 1821 530 1935 capilli
561 1823 601 1907 in
633 1823 956 1915 situm‘cornibus
990 1825 1215 1933 parallelum
1265 1822 1312 1907 ad
1360 1850 1456 1907 con-

126 1946 275 2030 tacium
307 1948 433 2057 capilli
466 1976 556 2059 cum
578 1952 711 2037 limbo
733 1952 807 2037 sibi
839 1939 1059 2037 occurrente
1086 1950 1276 2062 superest,
1318 1953 1458 2061 pofitio
1568 1941 1576 1955 ’

124 2098 310 2160 cornuum
346 2078 393 2161 ad
408 2119 413 2133 1
428 2080 604 2189 capillum
638 2080 807 2188 parallelp
844 2085 962 2188 :prius
1000 2081 1154 2163 stabilita
1203 2098 1370 2163 mutatur
1417 2102 1458 2164 et

125 2199 272 2287 limbus
296 2205 352 2304 ad
382 2208 582 2314 capillum·
606 2205 715 2315 saepe
751 2229 918 2290 ¹numero
957 2208 1097 2324 insitp
1127 2205 1254 2315 capilli
1285 2207 1332 2289 ad
1366 2231 1453 2289 cor·

124 2354 202 2429 nua
235 2332 389 2440 obliquo
420 2358 504 2417 noo
532 2336 718 2439 parallelo
747 2332 945 2441 appellet,
977 2335 1160 2441 totiusque
1199 2352 1360 2415 conatus
1394 2334 1458 2419 illo

123 2456 588 2547 obsenrstorisfioludetur.
653 2459 770 2542 Vnde
818 2460 979 2543 alterum
1028 2450 1228 2571 negotium
1270 2456 1457 2545 difficilius

121 2587 251 2671 adhuc
300 2593 484 2699 expeditu
513 2588 599 2695 ell3
652 2609 695 2673 ut
727 2612 870 2698 nempe
905 2588 1088 2698 capillus
1104 2587 1166 2671 ille
1212 2587 1456 2674 micromerri
1518 2628 1524 2641 ·

122 2714 357 2811 inmobilis,
372 2716 412 2799 iu
444 2716 669 2803 eustacium
709 2715 832 2803 limbi·
867 2716 1059 2827 fitumque
1081 2718 1137 2800 ad
1170 2740 1314 2799 cornua
1352 2719 1462 2828 ‘pha-2

119 2841 206 2929 sens
258 2843 480 2954 parallelum
512 2870 564 2927 eo
593 2846 687 2955 ipso·
727 2845 911 2956 emporis
961 2866 1170 2929 momento
1198 2846 1454 2954 adducatur,

122 2999 208 3084 quo
238 2957 421 3070 distantia·
446 2977 524 3058 eius
555 2974 602 3060 ab
630 2977 777 3066 alteus·
798 2975 936 3084 capillo
986 2975 1177 3088 immobili
1200 3059 1203 3073 ,
1228 2997 1457 3086 quocunque

121 3088 328 3186 distantiae
357 3103 567 3193 limborum
599 3105 799 3192 maximae
837 3103 995 3212 aequalis
1026 3101 1111 3211 csta
1153 3099 1235 3185 fieri
1271 3103 1378 3186 enim
1412 3103 1457 3188 vi

118 3227 236 3340 firpra
265 3229 459 3316 diciorum
494 3231 1035 3340 brepenumerospotelhut
1060 3249 1270 3313 momento
1301 3228 1371 3314 illo
1396 3230 1455 3314 di-

118 3361 254 3444 reeiio
283 3359 513 3468 capillorum
540 3361 588 3445 ad
618 3360 760 3445 limbos
790 3359 984 3442 discomm
1014 3359 1191 3442 comibus
1219 3357 1355 3440 exalte
1381 3385 1458 3470 pau·

116 3485 256 3571 rallela
286 3512 364 3571 uon
395 3487 590 3593 succedat,
624 3486 826 3599 nulliusque
858 3486 967 3593 usus,
999 3484 1065 3568 uel
1098 3511 1178 3567 non
1197 3493 1364 3568 accurata
1382 3489 1456 3570 ob·
1533 3483 1541 3497 '

114 3613 286 3702 seruatio
333 3614 498 3728 phaleos
518 3669 521 3675 -
538 3617 723 3704 euadat„
752 3615 819 3698 llis
847 3617 915 3698 its
932 3615 1156 3723 comparatis
1202 3615 1360 3703 tertium
1395 3639 1460 3696 rea

113 3733 306 3857 quisitum
339 3747 513 3856 priorum
545 3746 660 3854 longe
688 3742 992 3851 difficillimum,
1020 3751 1064 3825 ‘et
1099 3742 1169 3825 uix
1187 3737 1325 3826 eaeor
1344 3740 1457 3851 poffi·

115 3875 199 3960 bile
235 3876 338 3982 erit,
370 3894 414 3962 st
443 3899 590 3983 nempe
621 3870 836 3956 obseruator
864 3874 1006 3955 eodem
1038 3869 1224 3980 temporis
1271 3895 1455 3955 momen·

114 4022 197 4110 to,
235 4027 313 4110 quo
333 4002 487 4096 bubos
528 3999 716 4087 discorum
754 3999 910 4110 capillos
957 4001 1183 4085 immobiles
1209 4001 1251 4082 in
1279 4001 1353 4086 litu
1386 4023 1455 4083 eo·

111 4133 286 4226 modern
318 4133 365 4214 ad
385 4155 541 4224 ‚cornua
572 4127 731 4238 phaseos
761 4129 939 4236 parallelo
968 4129 1079 4213 simul
1127 4129 1351 4238 contingere
1384 4129 1457 4212 ob·

109 4258 275 4361 sensae,
302 4258 480 4366 capillum
515 4255 707 4340 mobilem
738 4258 785 4340 ad
818 4281 959 4341 cornua
1004 4255 1164 4366 phaseos
1211 4257 1452 4364 admoueat,

109 4386 232 4497 super
266 4409 383 4495 esque
423 4386 557 4478 exacie
580 4403 738 4494 ponat.
801 4386 867 4468 Ad
891 4360 973 4469 'hoc
1022 4407 1191 4505 namque
1224 4407 1269 4468 ut
1302 4387 1459 4495 capillus

79 4516 163 4602 ad
199 4539 344 4647 comm
377 4514 512 4600 exacte
542 4517 822 4633 admoueatur,
856 4535 1006 4630 tempus
1036 4515 1187 4629 aliquod
1223 4516 1455 4728 ῐεᾳηίιίῑιιὲἆ
1502 4629 1505 4635 ¹
