4475 5900
475 525 564 616 DE
589 514 810 618 omne
837 517 1109 622 Mamurio.
1341 545 1450 635 ,μγ

136 744 273 836 Altero
302 748 363 836 dir
388 775 479 846 cum
506 751 667 838 summo
695 777 809 840 mane
836 753 1133 864 accederemus,
1180 775 1259 866 quo
1291 779 1448 842 cumen

135 877 179 962 in
212 877 322 962 finsta
362 877 634 990 scinderemtu,
685 905 731 964 ac
762 881 926 966 domum
978 904 1246 992 portaremus,
1299 881 1442 966 masten

134 1001 218 1090 lum
266 1002 384 1089 mrsue
412 1000 613 1106 fcuemeilae
641 1003 721 1092 fine
745 1007 954 1092 adstantem
969 1011 1211 1116 innenimns,
1262 1010 1365 1120 quod
1410 1025 1454 1093 et

124 1133 248 1216 tertia
276 1130 446 1216 hucdum
473 1133 538 1222 die
567 1135 677 1243 uidi,
706 1159 796 1220 cum
828 1155 991 1248 propter
1018 1135 1201 1222 intuenda
1236 1131 1354 1222 iulum
1387 1137 1449 1223 in·

136 1258 270 1342 testiua
298 1253 394 1342 solen
423 1261 661 1346 accederem.

251 1381 448 1498 antutm
476 1387 524 1471 ad
557 1409 698 1470 vocem
730 1403 882 1471 mutum
910 1385 965 1472 est
1001 1387 1175 1496 animal,
1226 1413 1297 1474 nec
1329 1388 1464 1474 ullane

136 1503 281 1594 eo'cem
308 1508 407 1618 edit,
437 1503 502 1596 sed
530 1509 679 1596 fortiter
707 1509 826 1597 solum
857 1515 1000 1626 spirat,
1029 1532 1070 1598 et
1102 1514 1343 1602 vulneratum
1380 1537 1453 1599 ve-

134 1632 194 1720 iut
220 1630 372 1747 suspiria
404 1639 518 1723 ducit.
552 1636 684 1723 Oculis
715 1661 900 1750 quantum
928 1642 1055 1726 vaimt
1084 1659 1127 1723 et
1141 1642 1320 1733 auribus.
1348 1639 1454 1724 effn-

136 1787 245 1848 mare
275 1787 354 1848 non
384 1766 535 1871 audeo,
582 1767 645 1849 vel
674 1765 794 1850 saltim
835 1767 889 1850 ob
920 1767 958 1851 id
990 1791 1127 1875 parum
1159 1768 1289 1853 rident
1319 1783 1359 1850 et
1387 1789 1450 1850 an
1509 1843 1521 1868 ,

132 1889 278 1996 diunt,
329 1893 433 2000 qnod
478 1910 591 2001 capnt
636 1893 786 1976 subinde
832 1885 897 1976 sub
933 1895 1037 2004 arpis
1064 1893 1318 2004 contineant,
1363 1892 1464 1977 imo

136 2016 280 2102 animai
306 2015 431 2127 ipnm
463 2019 574 2104 esum
603 2015 745 2102 hortum
777 2040 1009 2128 organorum
1053 2021 1247 2132 negligere
1284 2037 1324 2104 et
1351 2043 1454 2106 con-
1567 2045 1570 2054 ·

136 2162 313 2230 temnere
344 2145 505 2229 tidem.

253 2267 358 2356 Inter
372 2295 527 2379 munes,
542 2269 607 2382 qni
622 2265 675 2354 de
705 2265 854 2356 Munati
882 2265 1120 2380 scripserunt,
1161 2295 1282 2360 nemo
1304 2275 1464 2385 plenior

137 2419 228 2484 tem
256 2417 295 2482 et
332 2401 562 2483 curatiorem
595 2393 842 2482 curioiiffimo
882 2419 927 2479 ae
956 2395 1211 2508 diligetiffimo
1241 2395 1458 2508 Cupiuneo

138 2521 361 2636 Dampiero
390 2525 627 2608 cmcinnauit
658 2521 699 2605 in
716 2521 904 2608 itinerario
917 2521 983 2608 suo
1012 2520 1230 2632 Angiicano
1267 2511 1452 2609 idiomate

127 2653 412 2751 ,editor-102.
452 2648 637 2736 Londini.
702 2647 791 2735 Nec
836 2649 1042 2762 quidquam
1092 2650 1301 2760 perlegenti
1350 2649 1455 2736 mihi

126 2773 293 2863 censura
329 2779 487 2887 dignum
536 2774 762 2881 videbatur,
810 2774 901 2861 litet
919 2803 1051 2887 pauca
1100 2779 1283 2889 qenedam
1314 2779 1356 2862 in
1385 2801 1460 2863 no-

137 2903 263 2993 strum
293 2905 437 2990 animal
469 2899 834 3015 non'quadrrrent,
886 2903 996 2987 refert
1044 2904 1153 2988 enim
1184 2905 1264 2990 dari
1296 2929 1340 2992 a.
1373 2903 1459 3017 spe-
1578 2923 1581 2935 ’

123 3035 218 3119 -ciee
244 3030 427 3140 Munati,
452 3054 611 3143 quarum
643 3053 720 3113 vna
749 3030 834 3139 plus
860 3024 980 3114 oculis
996 3030 1126 3112 minue
1154 3032 1317 3139 autibtu,
1342 3029 1456 3114 altera

126 3160 228 3272 -plcu
256 3158 558 3245 ammanium
587 3154 667 3244 viia
696 3154 846 3262 rabat,
875 3178 972 3266 quae
1003 3178 1098 3239 uero
1128 3154 1235 3239 affert
1262 3158 1312 3243 de
1336 3166 1455 3240 uena·

141 3288 252 3371 tione
266 3282 373 3370 huus
401 3284 600 3393 animalis,
628 3282 734 3394 quod
769 3282 995 3367 Americani
1024 3281 1164 3391 absque
1191 3283 1275 3367 ullo
1304 3280 1458 3394 strepitu

141 3431 184 3497 et
214 3437 313 3503 roce
339 3414 545 3519 accedant,
561 3434 622 3494 ne
650 3407 779 3519 sugent
810 3410 977 3511 manati,
1007 3408 1101 3491 citra
1130 3408 1333 3494 dtrbium
1320 3428 1373 3494 rta
1404 3408 1460 3495 est

142 3542 183 3625 in
199 3540 311 3649 locis,
327 3540 398 3624 vbi
412 3542 547 3624 crebro
566 3538 792 3648 capiuntur,
822 3560 868 3619 ac
898 3470 1075 3618 homines
1090 3534 1158 3617 nbi
1174 3536 1364 3662 obnoxiop
1387 3536 1461 3621 esse

143 3666 266 3776 longo
295 3664 364 3749 vsu
392 3666 630 3772 didicerunt,
660 3665 795 3748 eodem
823 3662 970 3745 radone
999 3686 1043 3744 ac
1075 3658 1247 3769 Lunae,
1279 3626 1463 3767 Phocoe,
1489 3722 1493 3729 .

144 3790 328 3899 liuida,
357 3814 453 3903 quae
479 3792 521 3876 in
566 3791 640 3875 hac
689 3788 829 3874 destrta
861 3787 974 3873 insula
1005 3812 1197 3901 nunquam
1246 3805 1354 3871 autea
1384 3786 1460 3873 ho-
1528 3820 1530 3829 ’

145 3922 302 4005 minen
331 3922 538 4027 riderent,
567 3936 632 4002 aut
661 3918 789 4002 secum
818 3917 905 4000 otio
934 3914 1168 4027 indulgentes
1214 3912 1353 3999 turbati
1380 3916 1461 3999 fue·

143 4066 269 4155 etant,
299 4072 323 4129 a
349 4048 442 4133 nobi
459 4048 613 4133 aduenis
653 4046 692 4129 in
730 4043 887 4129 insulam
919 4038 1088 4152 Beringii
1119 4044 1256 4151 absque
1295 4041 1379 4126 ullo
1408 4041 1463 4127 h·

145 4174 246 4258 bore
282 4176 568 4281 occidebantur,
609 4195 704 4255 cum
733 4173 812 4256 iam
833 4166 962 4279 'aeque
1000 4166 1100 4254 serae
1137 4170 1306 4253 redditae
1339 4166 1458 4279 dut,

144 4324 194 4387 ac
223 4302 266 4385 in
284 4302 389 4385 tertia
417 4298 732 4404 Kamtschaticis,
761 4311 911 4383 ac'non
941 4313 1088 4380 mutum
1121 4292 1204 4380 viso
1219 4294 1360 4406 hoste,
1394 4296 1460 4382 sed
1493 4394 1497 4401 ,

144 4448 241 4515 uate
254 4426 413 4540 uestigia
426 4427 649 4537 dinineute,
678 4426 766 4537 iuga
782 4424 848 4511 nbi
863 4423 1056 4539 praecipiti
1071 4420 1278 4511 moutam
1432 4544 1443 4566 ι
