4475 5900
478 516 565 609 DE
594 512 820 611 RESYHS
848 504 1124 616 MARINIS·
1391 546 1488 640 343

159 742 283 833 saltim
315 743 403 831 loco
432 763 480 831 ιι
500 723 611 835 uena
640 771 733 837 catu
761 748 922 864 munt,
971 746 1283 947 membtauostun
1327 770 1368 841 et
1398 768 1485 843 tan

160 874 288 961 tilium
318 872 548 987 diaphanum
579 880 646 966 eil

280 1064 418 1151 Ριιιιιιο
450 1069 582 1155 colore
630 1068 813 1157 bubulam
859 1072 1014 1158 refert
1002 1098 1044 1159 ιιι
1072 1078 1117 1155 6.
1169 1070 1280 1160 lnbo'e
1328 1070 1494 1161 dinisius
1477 1132 1506 1184 ,

160 1190 274 1280 huius
320 1195 401 1280 duo
447 1198 614 1287 maiores
660 1194 745 1287 lobi
790 1220 860 1287 cor
907 1200 1015 1323 supra
1059 1202 1245 1293 auriculas
1296 1192 1494 1315 utrimque

158 1321 370 1435 uperiuirt,
401 1328 530 1413 tertius
556 1329 606 1415 ad
636 1328 788 1439 apicem
836 1330 958 1417 cordis
1004 1334 1219 1443 pertingit,
1269 1348 1420 1447 quartus
1448 1348 1495 1419 et

163 1471 252 1552 stus
274 1450 457 1538 ιιιιιιιιιιιιι
491 1454 614 1541 cordis
643 1454 758 1564 latus,
789 1455 914 1545 sextus
944 1459 1126 1551 dextrum
1158 1456 1299 1546 ambit·
1477 1500 1479 1507 s

278 1641 425 1757 Aspera
454 1648 589 1732 arteria
620 1645 734 1732 ualde
764 1670 923 1760 capax,
939 1650 1186 1761 imperialem
1202 1641 1507 1759 transmittens}

158 1771 393 1885 epiglottide
422 1774 631 1883 ιιιιιιιιᾶι,
661 1798 714 1860 ex
742 1774 898 1886 integris
927 1776 1063 1861 ualidis
1091 1776 1345 1889 cartilagineis
1373 1798 1498 1867 annu*

156 1900 210 1989 tis
240 1901 481 2011 construite,
514 1921 718 2015 antequam
750 1904 950 2014 pulmones
988 1904 1134 2013 intrat,
1166 1906 1206 1990 ιιι
1239 1906 1334 1993 duos
1362 1928 1498 2001 ramos

156 2030 418 2140 dituricatur,
449 2056 615 2141 quorum
645 2031 798 2143 quisque
829 2032 956 2117 denuo
984 2031 1027 2117 in
1068 2050 1146 2119 tres
1191 2026 1318 2143 aios,
1365 2032 1498 2121 annuli

155 2182 364 2246 ramorum
412 2161 594 2245 omnium
639 2158 680 2242 in
713 2158 792 2271 ipa
822 2158 1059 2269 pulmonum
1110 2157 1307 2258 substantia
1354 2160 1496 2273 integri

157 2286 274 2392 unt,
303 2284 520 2399 graciliores,
543 2285 667 2371 saltim
698 2305 739 2374 et
769 2286 1006 2392 flexiliorea,
1037 2287 1146 2397 quod
1177 2289 1215 2374 in
1242 2284 1349 2373 nullo
1378 2306 1496 2375 antea

157 2414 323 2503 animali
351 2413 572 2522 obsenuaui,
604 2412 694 2496 inde
724 2413 838 2523 igitur
867 2435 956 2499 uox
985 2412 1194 2523 ilentoria,
1223 2416 1346 2525 grauis
1360 2407 1495 2501 fremi-

157 2562 227 2629 tus
275 2560 318 2625 et
345 2536 470 2628 iuncus
502 2565 556 2627 ex
586 2540 770 2627 iratorum
799 2539 961 2628 faucibus
1007 2538 1219 2653 exhalans,
1247 2540 1352 2629 urile
1399 2564 1504 2655 coat-¹
1646 2554 1648 2561 '

156 2670 246 2785 cipi
275 2668 412 2781 potest
463 2729 466 2734 <

283 2793 369 2884 Cor
384 2798 607 2911 ipericardio
637 2798 881 2911 inuolutum,
917 2798 1172 2913 pericardinm
1220 2814 1348 2887 autem
1397 2796 1504 2893 vltra

157 2927 371 3018 dimidium
402 2928 550 3041 liquore
580 2929 781 3041 pericardii
826 2931 987 3042 plenum
1029 2946 1142 3015 erat:
1208 2918 1500 3016 Vituciffim'unt

155 3061 276 3148 enim
306 3055 448 3146 animal
479 3057 564 3166 est,
596 3082 667 3142 nec
697 3059 777 3142 cito
825 3057 1056 3144 validiffimis
1103 3055 1237 3142 litibus
1280 3053 1497 3142 conficitur.

155 3189 346 3280 Externa
378 3205 418 3274 et
446 3186 594 3272 interna
625 3187 803 3272 teneura
830 3181 892 3270 sua
923 3212 947 3271 a
977 3183 1190 3296 phocamrn
1235 3185 1364 3270 corde
1400 3179 1500 3270 nihil

154 3317 327 3427 differt,
356 3317 464 3403 utin
479 3315 534 3402 est
549 3340 665 3462 quam
695 3310 865 3425 lougius,
894 3337 940 3398 ac
970 3314 1167 3424 utrimque
1196 3309 1498 3427 compreil‘uma

154 3450 300 3538 latere.
364 3443 462 3530 Vasa
492 3445 686 3530 coronaria
715 3442 842 3530 cordis
871 3442 982 3528 ualde
1013 3435 1163 3527 tumida
1176 3443 1386 3555 ‚grandia,
1387 3439 1497 3528 hinc

153 3597 199 3665 et
233 3575 302 3662 diu
332 3573 419 3686 poil
458 3591 629 3659 mortem
678 3569 877 3685 conspicua
906 3569 1002 3658 suut.
1064 3569 1194 3656 Flatns
1241 3561 1501 3658 immiiluain

155 3705 396 3798 maximum
426 3690 581 3788 ramum
610 3697 786 3788 vabrum
818 3699 1059 3787 coronalium
1087 3695 1226 3784 attollit
1252 3698 1431 3784 arteriam
1460 3708 1501 3778 et

155 3832 627 3942 auriculaa,ramon1m
676 3845 809 3918 antem
858 3849 1034 3921 extrema
1083 3828 1216 3962 inflata
1262 3821 1368 3942 ipius
1404 3843 1500 3914 uru-

155 3961 333 4054 ιιιιιιιοι.

288 4089 481 4176 Foramen
513 4089 622 4179 ouale
652 4107 827 4203 apertum
860 4087 1006 4201 habet,
1039 4105 1103 4177 ιι
1094 4003 1288 4203 phoca
1319 4081 1502 4186 amictiae
1554 4107 1559 4117 ’

155 4241 335 4332 magum
365 4235 521 4326 tenues,
553 4221 655 4306 intus
683 4219 812 4307 multis
839 4217 944 4304 fibris
972 4220 1139 4306 uerueia‘
1149 4220 1384 4304 intertextae
1406 4213 1500 4300 sunt.

155 4349 204 4440 E
238 4345 379 4432 dextra
409 4345 572 4434 auricula
604 4345 798 4461 polypum
837 4345 1026 4434 radiosttm
1074 4346 1219 4434 exemi.
1286 4337 1505 4434 Columnae

153 4480 211 4570 in
248 4475 469 4573 reametur
505 4476 631 4574 cordia
676 4478 790 4596 digiti
817 4477 1025 4576 anicularis
1052 4473 1210 4572 uaffitit
1248 4474 1364 4588 sunt,
1393 4466 1505 4556 coni·

1435 4615 1504 4682 cae
