4475 5900
271 531 711 644 murmurum
742 541 820 642 rr
845 491 1273 642 consensuum.
1360 577 1449 662 249

135 773 224 862 urbe
272 775 570 889 celeberrimus,
601 797 642 865 et
669 782 812 869 bomm
843 785 958 870 etiam
993 803 1148 870 naturae
1187 781 1450 891 mysteriorum

135 905 424 1015 diligentissimus
469 932 548 990 oon
579 914 729 1022 modo,
760 913 824 998 sed
852 916 970 998 ecam
989 910 1315 1024 perspicacissimus
1354 907 1454 996 scru-

135 1051 258 1137 tator,
287 1036 424 1120 eadem
454 1037 734 1146 exquisitiss'rrrn
766 1038 827 1123 sua
855 1041 1103 1126 dissertatione
1139 1038 1290 1147 efficit,
1322 1057 1364 1122 ut
1395 1037 1456 1120 ni-

133 1159 190 1244 hii
221 1162 365 1246 necesse
401 1160 565 1249 habeam
615 1171 859 1252 mentionem
907 1167 1024 1251 sacere
1061 1168 1112 1252 de
1163 1167 1366 1274 Dndarti,
1415 1162 1457 1250 Ia

133 1289 272 1396 Hirii,
300 1309 340 1374 et
389 1291 573 1406 Astruccii
616 1290 725 1403 supet
773 1293 844 1380 hac
892 1295 1110 1405 quaestione
1167 1293 1353 1382 sententiis
1401 1290 1456 1376 ibi

131 1418 252 1502 relatis
281 1438 321 1501 et
349 1418 593 1528 ponderatis,
623 1446 783 1530 quarum
816 1421 974 1508 ultimae
990 1423 1174 1507 calculum
1198 1419 1457 1534 grauissimum

133 1543 248 1653 sane,
281 1565 325 1628 et
355 1549 497 1630 merito
537 1549 720 1658 quidem,
753 1550 894 1634 adiicit.
975 1547 1151 1666 Halestus
1182 1551 1365 1661 deniqne,
1416 1548 1458 1630 in

126 1676 263 1786 statim
317 1673 604 1783 vegetabilium,
659 1680 851 1786 experim.
911 1673 1130 1783 CXXIV,
1183 1703 1271 1790 pag.
1332 1679 1456 1780 196,
1630 1721 1636 1730 »

132 1803 312 1891 versionis
343 1806 611 1910 germanicae,
641 1802 722 1886 hoc
754 1830 857 1888 anno
891 1810 1008 1907 1748
1042 1806 1194 1913 editae,
1226 1802 1460 1916 explicatio·

130 1956 230 2016 nem
264 1927 475 2014 breuiffime
506 1933 549 2014 in
581 1954 630 2013 eo
661 1933 797 2041 ponit,
830 1955 877 2016 vt
907 1932 1007 2018 dicat
1025 1932 1237 2042 psunulam
1255 1932 1350 2014 iobis
1365 1954 1458 2013 con·

130 2077 280 2146 tentam
311 2056 470 2169 superne
500 2077 543 2141 et
575 2057 719 2142 inferne
749 2063 907 2167 augeri,
948 2060 1117 2170 adeoque
1166 2059 1270 2145 illam
1318 2055 1458 2142 sursum

129 2187 270 2293 illinc,
302 2210 348 2268 ac
380 2183 553 2272 deorsum
586 2184 707 2292 hinc,
742 2189 953 2296 protendi,
986 2187 1091 2295 quod
1124 2184 1207 2270 sane
1240 2185 1334 2270 nihil
1358 2184 1458 2272 aliud

129 2317 208 2420 est,
241 2339 359 2424 quam
391 2315 499 2397 idern
517 2316 708 2422 peridem
739 2314 950 2424 explicare.
1015 2313 1211 2400 Henkelius
1241 2315 1399 2398 tandem
1417 2314 1460 2396 in

129 2443 279 2533 Florae
297 2434 575 2554 saturnizantis
613 2469 654 2552 p.
697 2463 790 2548 95,
821 2440 891 2524 hac
923 2440 1103 2524 breuitate
1132 2440 1209 2526 hoc
1241 2439 1278 2522 se
1303 2441 1460 2553 negotio

129 2573 326 2678 extricat,
360 2589 407 2653 ut
436 2569 563 2653 dicat:
602 2572 775 2678 germina
802 2564 936 2652 sinsum
986 2569 1185 2654 crescentia
1234 2571 1307 2652 esse
1339 2570 1462 2655 radios

131 2701 303 2786 totidem
334 2695 586 2808 prolongatos
615 2695 700 2784 suae
732 2695 987 2809 peripheriae·
1051 2697 1171 2782 Huius
1202 2697 1328 2809 itaque
1344 2697 1460 2808 phne-
1529 2789 1531 2800 Ι

128 2830 331 2933 numeni,
362 2826 431 2912 nifi
462 2823 689 2936 sempiterna
718 2853 799 2912 nox
832 2827 889 2912 illi
919 2825 1034 2915 offusa
1065 2827 1144 2932 stt,
1176 2823 1364 2913 rationem
1393 2850 1462 2936 pe·

125 2958 161 3041 ti
196 2958 341 3041 debere
371 2973 472 3063 puto
504 2983 526 3037 a
558 2974 686 3039 natura
717 2958 936 3065 gmuitatis,
968 2958 1009 3037 in
1039 2958 1290 3063 deprimenda
1336 2956 1462 3041 radice

126 3080 262 3168 versis
290 3101 466 3167 centrum
501 3100 655 3190 terrae,
686 3108 766 3166 non
799 3106 896 3166 vero
929 3077 1051 3167 versus
1083 3082 1272 3165 maiorem
1305 3085 1465 3191 copiam

127 3234 293 3316 terrae,
332 3212 370 3292 id
410 3216 512 3321 quod
543 3211 731 3318 experim.
766 3214 811 3295 X
837 3211 995 3318 optime
1012 3212 1159 3320 docet,
1194 3226 1235 3291 et
1251 3210 1464 3319 quostiam

125 3338 489 3452 probatissimorum
521 3338 718 3423 audomm
759 3336 939 3421 sententia
974 3338 1144 3427 inclinat.
1228 3334 1337 3421 Tum
1371 3359 1465 3419 vero

126 3471 299 3553 niteram
341 3468 508 3550 eiusdem
543 3487 698 3577 portem-
726 3464 908 3576 explicari
937 3466 1171 3577 aliquantum
1221 3465 1326 3576 posse
1367 3464 1467 3549 arbi·

127 3616 217 3679 tror
251 3620 323 3704 per
354 3598 553 3680 materiam
595 3596 718 3701 ignis,
761 3618 852 3704 quae
884 3596 1039 3706 quidem
1088 3595 1140 3678 ita
1171 3591 1270 3677 sidia
1300 3592 1384 3700 est,
1416 3610 1464 3677 vt

127 3746 356 3833 ecorpore
382 3723 550 3805 calidiori
584 3721 889 3832 quoquouersum
924 3740 1037 3805 exeat
1081 3723 1462 3829 communiceturque

126 3877 228 3936 cum
266 3850 518 3959 frigidioribus
551 3853 772 3958 proximis,
803 3847 865 3934 sed
899 3851 1100 3963 repeilatur
1132 3848 1253 3937 forsan
1292 3870 1331 3933 et
1360 3854 1466 3934 eber·

126 3998 268 4063 oeatur
301 3980 340 4059 in
372 4003 519 4087 pano,
552 4003 620 4087 per
668 3978 1004 4067 fermentationem
1053 3978 1233 4067 obortam
1272 3978 1466 4088 excitata,

126 4134 151 4189 a
188 4106 329 4191 tellure
361 4107 553 4189 ambiente
582 4109 825 4216 copiosiore,
857 4135 879 4191 a
908 4107 1065 4195 cuticula
1094 4134 1254 4219 granum
1270 4107 1465 4219 sepiente,

125 4238 182 4319 ita
220 4254 272 4316 vt
305 4231 436 4316 sursum
478 4235 704 4321 serticnlrter
744 4238 896 4345 potius,
945 4262 1017 4345 per
1047 4257 1263 4347 aperturam
1296 4238 1335 4319 in
1368 4239 1470 4324 euti--
1529 4332 1530 4335 p

124 4366 216 4447 cula
250 4362 425 4467 sarisam,
456 4388 571 4472 quam
605 4360 777 4446 aliorsum
809 4366 957 4449 exitum
992 4362 1058 4447 srbi
1096 4383 1281 4474 quaerat,
1314 4383 1355 4450 et
1384 4391 1468 4475 ger·

128 4515 229 4576 men
264 4488 355 4573 illuc
387 4488 511 4579 secum
541 4490 713 4575 abducat.
778 4490 964 4581 Putassem
981 4492 1218 4583 attrasiionis
1234 4495 1319 4580 uim
1339 4558 1353 4601 ,
1370 4510 1465 4601 quae

162 4620 335 4706 -Tom
353 4614 406 4703 11.
427 4618 535 4707 Nou.
554 4617 782 4708 comment.
1029 4617 1085 4707 li
1377 4616 1465 4705 alias
