4475 5900
202 517 469 619 Murcum
487 524 551 615 rn
566 512 835 633 auctoru
851 519 1416 620 animamarum.
1439 553 1497 636 27
1502 555 1524 638 ς
1545 583 1549 590 .

205 749 365 841 exortu
390 757 592 842 communi
626 750 738 871 (38)
770 753 876 842 rede
907 754 1043 844 sursum
1085 758 1331 846 adscendebat
1371 761 1479 846 iuxta
1495 761 1637 846 ettae>
1659 764 1730 833 nra

205 907 315 994 pone
369 904 555 972 exormm
598 881 754 968 musculi
785 887 983 996 pestoralis
1014 889 1139 972 dextri
1170 915 1192 972 a
1222 888 1398 1002 margine
1429 893 1536 1001 prio·
1584 849 1627 912 w

204 1014 242 1094 ri
274 1012 387 1096 stemi
429 1008 534 1126 (39)
577 1011 714 1096 leniter
741 1013 994 1123 gracilescens·
1014 1018 1063 1104 ad
1093 1014 1377 1105 sustentaculum
1395 994 1644 1140 usque,(³20)
1663 999 1731 1066 Μ·

205 1141 312 1250 quod
342 1141 543 1228 clauiculae
574 1159 687 1252 caput
718 1141 859 1253 recipit
890 1139 905 1255 (
916 1139 1030 1259 40):
1070 1145 1216 1230 ibidem
1247 1167 1375 1232 autern
1407 1145 1641 1249 leniter(4o>
1663 1167 1737 1238 nra
1785 1163 1788 1167 ·

202 1267 445 1354 dextrorsum
479 1272 601 1370 flexa,
621 1265 685 1351 sub
701 1270 856 1355 tendine
872 1272 1029 1358 musculi
1059 1272 1247 1358 inferioris
1279 1270 1408 1390 (41),
1440 1299 1539 1359 mox

207 1393 474 1505 describendi,
508 1397 689 1508 pergebat
754 1402 876 1508 magis
921 1403 1117 1511 magisque
1165 1421 1364 1487 extenuata
1430 1403 1537 1487 iuxta

206 1524 305 1608 latus
333 1544 532 1609 externum
553 1523 717 1607 tendinis
750 1525 904 1611 musculi
922 1529 1118 1612 mastoidei
1149 1525 1291 1645 (42),
1322 1555 1403 1642 quo
1432 1528 1497 1614 hic
1514 1549 1739 1625 armamur

205 1672 316 1767 parte
351 1656 470 1764 priori
504 1651 588 1737 osbs
619 1650 789 1763 pectoris
820 1657 1032 1766 eademque
1064 1656 1276 1766 superiori,
1316 1659 1432 1770 capiti
1462 1657 1548 1783 cla3.

208 1780 355 1864 riculae
389 1785 613 1894 proximus,
646 1780 832 1864 exoritur.
874 1784 942 1867 Ab
958 1783 1098 1868 eodem
1131 1783 1279 1891 bbere,
1311 1781 1371 1868 sed
1398 1783 1538 1896 proxi·

207 1933 278 1992 me
310 1934 384 2019 per
414 1909 629 1994 cellulosam
662 1907 820 2018 iuncta,
851 1909 1070 1996 decurrebat
1101 1911 1256 2022 obliqua
1289 1935 1356 2022 per
1371 1909 1538 2024 spatium

200 2034 284 2122 sere
325 2037 577 2148 bipollicare,
629 2056 743 2147 atque
771 2037 908 2123 deiude
946 2038 1025 2122 fine
1053 2036 1117 2124 suo
1165 2041 1286 2149 magis
1334 2053 1537 2123 extenuata

208 2189 302 2248 cum
332 2167 503 2273 eodem,
536 2163 643 2247 fibris
674 2162 859 2248 tendineir
895 2165 995 2276 quafi
1043 2166 1335 2250 intermixtione
1381 2174 1539 2252 et'eua-

211 2290 398 2376 nescentia
430 2293 676 2378 distinctionis
731 2289 1028 2401 disparentibus,
1066 2293 1391 2402 conglutinabatur
1423 2291 1534 2407 (43).
1549 2311 1615 2392 (43l
1631 2309 1736 2373 maz

208 2421 322 2506 Parte
354 2440 482 2505 autem
517 2419 695 2503 inferiore
726 2420 841 2500 cauda
875 2421 1035 2502 tendinis
1074 2419 1267 2528 peculiaris
1313 2421 1539 2506 cohaerebat

210 2547 429 2636 firmisirme
459 2573 550 2632 cum
581 2569 690 2630 carne
723 2545 878 2629 nruscdi
916 2545 1267 2631 sterno-malioldei
1319 2547 1538 2660 supposta,

210 2677 444 2790 perfodient
478 2677 710 2785 principium
744 2673 852 2758 hrrios
881 2673 946 2757 diu
977 2675 1194 2758 tendincum
1227 2698 1384 2759 manens
1414 2694 1454 2758 et
1470 2699 1540 2787 per

211 2809 401 2890 exteriora
433 2807 553 2888 carnis
582 2804 811 2911 decurrens,
841 2827 932 2886 cum
971 2803 1108 2888 eadem
1159 2802 1352 2917 iungitur,
1400 2799 1539 2890 retu
1672 2891 1677 2898 ,

210 2934 312 3021 hanc
346 2933 439 3017 abit.

334 3062 543 3147 Astionem
576 3062 684 3147 huius
724 3062 878 3147 musculi
926 3063 1045 3147 talem
1098 3061 1241 3147 inueni.
1292 3055 1333 3145 Si
1364 3058 1541 3163 extensae

215 3190 334 3277 fibrae
386 3191 612 3273 musculosae
664 3190 911 3274 trahebantur
968 3189 1092 3275 versus
1150 3192 1384 3301 principium
1403 3188 1541 3296 suum,

212 3319 356 3404 caudae
387 3302 581 3402 inferiores
625 3322 824 3403 tendineae
861 3316 1051 3401 breuiores
1077 3316 1201 3401 sterno
1238 3318 1395 3401 insertae
1430 3312 1651 3429 (44)(44)
1673 3336 1743 3407 bid.

214 3446 530 3555 explicabantur,
569 3470 692 3557 neque
735 3464 866 3529 tamen
915 3445 1052 3556 aliquid
1102 3446 1308 3529 mouebant
1356 3444 1542 3531 fibrarum
1593 3421 1676 3489 Ἠ

214 3572 368 3661 muscidi
403 3577 599 3684 pectoralis
630 3574 825 3686 opposui,
858 3598 937 3683 quo
969 3573 1060 3657 loco
1092 3574 1128 3655 se
1161 3577 1256 3655 inter
1285 3572 1352 3656 har
1381 3575 1542 3657 insinua-

215 3707 322 3786 bant.
388 3700 512 3786 Cruda
556 3723 682 3785 autem
725 3702 837 3783 tertia
888 3701 1038 3809 longior
1093 3700 1217 3784 sterno
1237 3752 1251 3765 ·
1273 3700 1542 3784 mastoideoa

217 3832 333 3916 latere
376 3829 504 3912 inserta
539 3826 648 3943 (45)
710 3829 833 3938 magis
861 3828 1129 3935 dextrorsum,
1161 3828 1200 3912 id
1231 3828 1316 3937 ert,
1367 3824 1540 3911 deorsum
1553 3870 1636 3943 (45)
1672 3858 1744 3929 nte.

218 3978 260 4042 et
290 3957 497 4040 extrorsum
530 3958 773 4062 trahebatur,
807 3955 991 4067 simulque
1030 3958 1231 4038 tendinem
1283 3954 1435 4039 musculi
1472 3979 1545 4039 ex·
1595 3946 1637 4011 W
1658 3942 1735 4007 Η

219 4086 383 4197 plicabat
423 4080 559 4169 leniter
607 4104 719 4196 atque
757 4086 924 4168 eiusdem
958 4110 1114 4167 carnem
1148 4083 1379 4195 suppositam
1418 4084 1543 4195 depri-

218 4214 354 4299 mebat
375 4277 387 4318 ,
437 4214 557 4323 sicque
575 4233 700 4295 totum
720 4210 927 4297 musculum
946 4209 1129 4296 leuissrme
1148 4213 1325 4297 mouebat
1344 4238 1394 4295 eo
1411 4210 1544 4297 versus.

235 4316 263 4362 '
341 4338 532 4423 Masculus
567 4341 661 4425 alter
692 4342 818 4423 maior
868 4336 1026 4423 instrior
1057 4340 1168 4443 (46)
1202 4344 1402 4426 communi
1436 4345 1540 4455 prin·
1556 4368 1640 4458 (4⁶)
1677 4369 1746 4434 rure.

220 4470 334 4581 cipio
364 4470 548 4554 tendineo
596 4470 784 4554 oriebatur
815 4468 868 4549 ita
899 4491 989 4551 curn
1022 4469 1210 4585 superiore
1240 4494 1374 4577 nexu,
1413 4490 1457 4552 rt
1498 4465 1544 4549 st·-
1603 4448 1748 4517 ’ΝΜ

789 4594 840 4682 Μ
869 4619 974 4679 ¹1¹2
1459 4591 1548 4683 brae

1548 1269 1731 1419 (411⁹1bid4
