4475 5900
592 607 594 618 .
778 522 876 638 {aa
929 468 934 476 ’
1055 512 1393 617 urrunnun
1425 508 1798 617 onssmfmnr

895 750 1022 846 Sebol.
1053 750 1103 841 In
1139 755 1332 843 methodo
1357 756 1643 845 deteuninandi
1694 756 1869 868 primum
1923 750 2118 841 ditdlionis

778 888 964 1001 graduum
996 885 1182 999 pineum
1205 889 1246 971 in
1264 888 1389 974 limbo
1419 886 1633 997 quadrantis
1657 904 1880 969 notatomm
1898 949 1910 989 ‚
1930 888 2116 970 omniun

781 1019 971 1128 optima,
1002 1039 1097 1125 quae
1125 1012 1177 1099 sc.
1211 1042 1282 1126 per
1317 1010 1571 1100 inuerfionem
1620 1004 1831 1125 quadrantis
1863 1012 1944 1121 fit,
1997 1016 2118 1124 reqi-

781 1164 914 1231 runtur
945 1143 1090 1229 multae
1135 1145 1371 1230 commodae
1418 1163 1533 1227 notae
1563 1146 1604 1227 in
1636 1141 1818 1227 aediliciis
1865 1142 2013 1251 mbis,
2062 1140 2114 1225 td

782 1269 878 1355 alibi
907 1276 949 1357 in
977 1270 1122 1357 Terrae
1150 1271 1349 1384 superficie
1381 1271 1502 1381 sitae,
1531 1273 1578 1357 ad
1611 1297 1701 1377 quas
1728 1268 1883 1381 capillus
1933 1270 2113 1356 horizon·

781 1399 908 1484 taliter
938 1404 979 1483 in
1011 1402 1107 1485 tubo
1140 1406 1312 1485 extentus
1340 1400 1454 1510 dirigi
1484 1400 1626 1507 debet,
1657 1422 1753 1510 quae
1784 1417 1911 1482 tameo
1929 1424 2021 1483 non
2039 1400 2114 1482 rbi·

623 1606 628 1613 .
781 1552 857 1639 que
884 1525 1021 1636 facile,
1069 1526 1294 1637 pmestettim·
1340 1546 1470 1611 autem
1510 1528 1552 1609 in
1583 1526 1947 1638 peregrinationibus
2000 1525 2114 1612 adele

785 1658 968 1767 poliunt,
998 1655 1051 1739 ob
1081 1642 1248 1765 quarum
1270 1654 1459 1739 deseoum
1477 1648 1671 1766 ¹primum
1704 1653 1793 1737 iliud
1826 1654 2023 1765 panorm
2051 1680 2112 1763 pes

782 1782 876 1870 alias
907 1780 1115 1869 methodos
1163 1808 1245 1867 non
1276 1784 1330 1865 ira
1360 1801 1478 1865 certas
1507 1783 1805 1888 determinatur,
1851 1784 2112 1891 incertumque

783 1910 946 2022 prodit,
978 1928 1020 1995 et
1050 1912 1360 1995 incertitudinem
1392 1908 1492 1994 hanc
1524 1909 1624 1994 suam
1658 1911 1699 1993 in
1731 1910 1947 1994 altitudines
2000 1916 2107 1993 etiam

782 2037 1005 2144 stellarum,
1035 2064 1106 2149 per
1135 2040 1385 2149 quadrantem
1426 2036 1644 2121 huiusmodi
1693 2035 1903 2120 obseruatas
1955 2042 2107 2122 denunt.

780 2161 945 2274 Optime
961 2183 1101 2258 ‚autem
1132 2163 1218 2249 huic
1248 2166 1505 2248 incommodo
1534 2190 1607 2283 per
1638 2164 1870 2251 methodum
1904 2161 2020 2276 snpra
2051 2169 2109 2251 de-

783 2288 963 2403 scriptam
1011 2291 1267 2397 succurretur,
1315 2288 1519 2399 sunempe
1548 2296 1589 2374 in
1618 2292 1714 2377 tubo
1762 2294 1984 2403 quadrantis
2026 2294 2108 2377 locu

783 2418 898 2507 unius
925 2416 1056 2527 capilli
1095 2416 1371 2521 honnontalis,
1422 2415 1545 2527 plures
1572 2418 1621 2503 nd
1654 2418 1835 2528 capillum
1888 2424 2106 2516 uertimlcm

781 2544 1112 2659 perpendiculares
1156 2564 1198 2629 et
1228 2545 1324 2631 inter
1354 2540 1392 2627 se
1419 2542 1588 2657 'paralleli
1617 2538 1901 2655 extendantur,
1957 2571 1998 2639 et
2030 2550 2108 2634 lnce

780 2674 993 2764 muitarum
1024 2675 1072 2758 ad
1104 2696 1224 2788 ¹trram
1257 2690 1407 2757 tantum
1439 2671 1675 2783 eandemque
1706 2690 1875 2782 notam,
1914 2678 2110 2788 quoiam

782 2801 922 2915 ubique
951 2798 1130 2887 facillime
1162 2799 1241 2893 dati
1271 2798 1426 2910 potest,
1466 2800 1602 2910 finguli
1655 2800 1841 2893 snccelsrue
1873 2806 1915 2889 in
1949 2830 2112 2918 utroque

782 2928 854 3022 situ
885 2928 1097 3042 quadrantis
1127 2928 1269 3014 eodem
1298 2926 1424 3018 modo
1464 2928 1683 3038 dirigantur,
1750 2931 1856 3019 Hinc
1886 2937 1993 3026 eninr
2038 2936 2110 3048 μί.

782 3081 899 3148 mum
930 3057 1023 3153 iliud
1052 3055 1243 3142 dinilionis
1273 3055 1457 3166 graduum
1491 3057 1675 3165 prndium
1709 3083 1828 3170 aeque
1849 3081 2001 3154 cernam
2022 3129 2036 3170 ,
2055 3063 2108 3156 ru

778 3184 905 3274 adun
934 3186 1071 3276 certius
1098 3183 1435 3290 determinabitur,
1467 3209 1581 3294 quam
1612 3187 1682 3278 ubi
1712 3187 1869 3296 capillus
1903 3191 1953 3276 ad
1988 3191 2108 3278 diues.

665 3425 670 3434 Ι
783 3308 1159 3531 gmnotgsffidnursu
1189 3310 1347 3424 modis,
1376 3309 1437 3410 id
1467 3310 1507 3408 iu
1539 3331 1704 3430 tuoque
1736 3315 2039 3434 atiquatenus
2053 3320 2110 3432 iis¹

894 3498 908 3546 2
1010 3453 1125 3559 gaufr
1391 3528 1394 3538 .

904 3704 940 3806 ς.
965 3731 1008 3808 3.
1042 3703 1114 3788 His
1145 3703 1197 3788 ita
1229 3697 1485 3818 praeparatis,
1516 3707 1608 3796 dum
1643 3725 1796 3822 tempus
1841 3711 2027 3826 eclipseos
2057 3717 2108 3799 in·

785 3829 888 3931 liat,
920 3829 1132 3917 obstarem
1160 3836 1328 3942 repetitis
1360 3837 1503 3922 vicibus
1532 3856 1684 3947 tempus
1712 3838 1883 3924 tranfitus
1928 3842 2108 3928 dimetri

784 3950 1019 4045 Luminaris.
1034 3958 1244 4070 eclipsaturi
1275 3987 1346 4074 per
1375 3963 1554 4075 capillum
1588 3965 1629 4048 A
1647 3965 1716 4070 E,
1747 3987 1975 4080 tempusque
2010 3991 2111 4056 tran·

785 4080 872 4169 fitus
903 4085 1017 4171 limbi
1048 4089 1304 4175 antecedentis
1334 4093 1502 4178 eiusdem
1543 4087 1756 4179 Luminatis
1806 4119 1876 4204 ptr
1925 4099 2114 4184 utuntur

784 4213 1014 4319 capillorum
1045 4215 1311 4324 paradelorum
1344 4223 1524 4308 omnium
1575 4222 1674 4307 inter
1700 4221 1763 4329 le,
1796 4222 1835 4304 in
1867 4222 1938 4312 filu
1988 4227 2115 4336 capilli

676 4407 679 4411 J
784 4329 883 4426 GC
914 4343 962 4428 ad
991 4342 1168 4433 diurnum
1201 4343 1415 4436 Luminaris
1442 4346 1655 4460 parallelo,
1685 4369 1726 4433 et
1757 4369 1939 4458 tempom
1987 4355 2113 4438 transt·

785 4459 896 4558 tuum
926 4464 1038 4554 limbi
1069 4495 1140 4584 pet
1171 4499 1479 4591 unamquemque
1509 4475 1723 4566 &lundam
1754 4475 2020 4594 capiliorum,
2049 4503 2115 4572 uec

2035 4633 2114 4699 non
