4475 5900
700 367 710 378 ·
825 485 882 544 22
916 455 1001 550 DE
1028 442 1409 555 REDVCTIONE
1437 443 1766 550 UNEARVM
1805 441 2140 546 CVRVARVM

1318 677 1535 799 Coroll.
1577 715 1643 836 4.
1675 680 1678 685 ⁴

685 862 733 942 fit·
763 865 792 928 ⁸·
931 871 1006 962 38.
1038 849 1082 943 'st
1114 857 1218 944 valor
1250 854 1498 972 secundus'Q
1525 857 1569 941 iit
1600 877 1735 959 nerra„
1763 868 1951 963 quantum·
1985 852 2135 961 primus

812 983 896 1068 Pa
930 1011 1021 1070 vero
1053 988 1115 1068 vel
1146 983 1279 1068 deficit
1328 984 1390 1066 vel
1437 985 1620 1090 excedit,
1670 982 1911 1066 tantumdem
1946 983 2134 1090 quantitas

812 1108 883 1217 [θε
907 1116 959 1220 2]
988 1098 1144 1197 ericedet
1177 1111 1237 1194 vel
1265 1109 1479 1219 superabit,
1511 1111 1669 1219 ideoque
1700 1109 1925 1216 quantitates
1942 1107 1985 1190 'P
2013 1127 2054 1190 et
2067 1099 2130 1216 [ξ]

810 1239 1035 1323 constituent
1067 1241 1241 1343 limites,
1274 1242 1372 1322 intra
1388 1262 1483 1348 quos
1497 1237 1619 1323 radius
1633 1257 1659 1318 r
1675 1237 1923 1319 contineatur.
1965 1234 2132 1322 Etiamfi

809 1385 938 1450 autem
973 1369 1126 1482 Qnon
1157 1366 1203 1449 srt
1231 1389 1342 1450 rems
1372 1365 1510 1473 valor,
1540 1383 1673 1450 tamen
1699 1362 1784 1473 quia
1835 1362 1961 1481 multo
2004 1367 2134 1449 minue

672 1596 677 1614 s
807 1497 1023 1578 averitate
1052 1493 1177 1580 differt
1200 1490 1326 1603 'quum
1353 1493 1418 1600 P,
1449 1493 1612 1578 eaedem
1658 1494 1884 1611 quantitates
1911 1491 1946 1578 P
1969 1508 2016 1576 et
2040 1481 2131 1602 [ξ]

808 1647 884 1730 pro
912 1622 1095 1707 limitibus
1121 1621 1257 1707 haberi
1286 1621 1449 1732 poisrmt.

1306 1738 1524 1859 Coroli.
1554 1781 1623 1895 ς.

926 1937 951 2015 a
958 1942 1002 2016 9.
1036 1913 1163 2002 Simili
1191 1917 1314 2000 modo
1344 1942 1437 2000 cum
1468 1916 1616 2002 valores
1646 1919 1773 2004 traditi
1797 1897 1988 2004 continuo
2032 1944 2130 2031 pm·

807 2047 892 2156 pius
923 2047 969 2129 ad
1007 2046 1209 2128 veritatem
1242 2046 1451 2152 accedant,
1484 2045 1694 2159 seriemque
1736 2049 1847 2134 ualde
1892 2071 2131 2160 eomergen·

806 2190 889 2256 tem
921 2171 1181 2281 constituant,
1214 2170 1352 2305 limites
1382 2197 1530 2287 qupque
1560 2194 1697 2260 erunt:

806 2313 1306 2455 Qetaiii÷}[2-⁹]”
1457 2434 1460 2436 ,

802 2471 1791 2625 retrrer÷÷ru1÷÷rar÷÷rtr

802 2633 920 2750 hique
947 2639 1091 2726 limites
1119 2647 1301 2732 continuo
1328 2655 1384 2736 ita
1414 2652 1544 2740 multo
1578 2654 1679 2742 fiunt
1724 2658 1932 2772 arctiores,
1958 2677 2009 2747 vt
2025 2687 2127 2749 mox

800 2764 1013 2854 differentia
1042 2768 1110 2856 fiat
1138 2773 1360 2867 insensibii'u.

1335 2865 1626 3039 Scholion.

790 3144 792 3151 ,
915 3092 991 3170 40.
1027 3068 1110 3154 Hos
1138 3074 1298 3158 eosdem
1329 3099 1459 3162 autem
1488 3083 1634 3167 limites
1663 3088 1817 3195 praebet
1830 3103 1962 3170 motus
1991 3108 2126 3199 repto

796 3191 874 3276 rius
904 3188 1038 3274 Celeb.
1077 3192 1139 3277 Io.
1196 3196 1437 3288 Bemoullii:
1506 3196 1654 3323 eiusque
1703 3238 1797 3325 ergo
1853 3210 2119 3302 admirabilem

798 3314 909 3399 usum
941 3316 1005 3401 hic
1036 3342 1088 3403 ex
1119 3320 1201 3407 mlo
1230 3326 1373 3414 calculo
1404 3335 1455 3418 ita
1484 3336 1708 3450 elicuimus,
1740 3364 1785 3428 ut
1815 3344 1970 3451 etiam,
2004 3346 2032 3431 sr
2061 3348 2121 3430 di-

797 3443 895 3571 uifio
933 3470 1037 3529 arcus
1077 3473 1156 3533 non
1197 3478 1264 3562 pet
1300 3462 1496 3549 continuas
1533 3465 1754 3555 biseeiiones
1792 3473 2028 3581 instituatur,
2061 3494 2118 3559 tu·

796 3580 890 3657 men
921 3571 1070 3683 semper
1098 3580 1292 3689 applicari
1310 3588 1454 3699 poffit‚
1487 3587 1645 3706 ideoque
1672 3600 1800 3685 'multo
1833 3602 1944 3685 latius
1983 3622 2116 3687 exten·

794 3699 932 3787 datur:
963 3727 1083 3813 neque
1132 3710 1247 3794 etiam
1281 3711 1358 3800 hoc
1397 3720 1515 3829 padio
1550 3725 1601 3808 de
1637 3728 1815 3838 ratione,
1846 3757 1918 3841 qua
1957 3749 2113 3839 motum

634 3879 641 3895 «
791 3830 1003 3940 reprorium
1044 3832 1217 3921 adornari
1265 3834 1473 3956 ronuenit,
1522 3848 1700 3938 sollicitos
1725 3882 1797 3942 nos
1829 3858 1901 3943 erse
1917 3882 2015 3972 opus
2031 3860 2117 3966 est,

789 3956 893 4068 quod
923 3960 1123 4071 negotium
1154 3964 1245 4049 alias
1276 3994 1356 4055 non
1387 4001 1523 4084 parum
1569 3976 1739 4069 solertiae
1769 3989 1937 4099 requirit.

1246 4101 1558 4236 Problema.
1604 4141 1670 4274 4.
1778 4170 1783 4185 ·

903 4295 978 4375 41.
1011 4273 1206 4387 Propofita
1238 4282 1357 4396 ellipfi
1388 4299 1603 4406 quacunque
1643 4270 1809 4383 ihuenire
1850 4302 1996 4387 radium
2038 4306 2109 4387 cir·

677 4566 679 4569 .
787 4390 889 4509 tuli,
905 4401 1006 4484 cuitu
1030 4406 1243 4519 peripheria
1275 4412 1319 4500 fit
1350 4422 1508 4534 aequalis
1523 4426 1707 4538 proxime
1722 4430 2107 4651 perimetrospttipfis

2011 4582 2102 4645 utro.
