4475 5900
161 480 422 586 ruamur
437 485 508 582 ru
524 481 787 582 rurore
801 483 1374 621 pertransituras.
1394 505 1494 596 aaa
1652 425 1653 428 Ὗ

153 722 312 808 nonad
358 739 435 808 nes
481 723 1200 836 duaunrertscostra,srtlomnia
1248 733 1485 836 anunm,

151 851 300 936 sextam
333 850 483 961 saum,
532 851 737 968 pertinent.
817 847 948 967 Caput
995 855 1143 971 quippe
1193 858 1485 980 breuissnnum,

148 981 284 1066 eoslae‘
303 978 484 1091 bptimae
511 983 772 1092 cartilaginem
804 1005 888 1068 non
918 983 1044 1070 modo
1083 989 1206 1098 tegit,
1230 989 1329 1101 sed,
1360 997 1486 1108 ,supe-

150 1124 239 1194 rato
284 1108 433 1221 insuper
483 1108 705 1197 intercollali
754 1111 879 1224 spatio
941 1113 1088 1200 eostam
1133 1116 1337 1230 stptimam
1386 1123 1484 1212 intm

150 1254 193 1322 et
222 1236 401 1347 sextam,
433 1236 548 1324 huius
578 1241 743 1350 margini
771 1240 938 1328 inferiori
969 1241 1096 1330 llerno
1127 1249 1339 1359 proxime,
1370 1269 1486 1365 atque

144 1364 232 1451 ’arde
263 1363 515 1474 extrorsum,
548 1368 734 1454 inferitum
798 1367 899 1455 Bina
919 1365 1070 1483 'reliqna
1101 1395 1312 1486 mtreura,
1343 1377 1482 1468 iterum

143 1519 262 1606 aeque
310 1492 458 1605 longa,
507 1495 619 1607 murs,
669 1520 788 1609 qnam
827 1498 868 1582 in
899 1498 1021 1610 priori
1062 1501 1223 1612 tabula,
1270 1504 1491 1622 urimur,

141 1624 289 1720 nudam
321 1621 548 1736 tmnsparere
580 1625 706 1712 stnunt
734 1626 940 1736 septimam
970 1645 1012 1710 et
1042 1627 1187 1716 stxtam
1220 1633 1400 1743 eostam,
1442 1655 1481 1726 et

132 1755 245 1842 iuxta
275 1750 371 1838 laun
419 1755 555 1865 prioris
601 1757 741 1841 deinde
771 1754 853 1866 pari
900 1752 1020 1866 gradu
1067 1757 1359 1868 adscendentia,
1389 1763 1486 1852 vlti-

131 1908 206 1970 mo
240 1879 353 1968 huius
382 1883 546 1993 margini
591 1882 774 1996 superiori
812 1881 880 1968 rel
907 1881 1147 1994 inseruntur,
1195 1885 1259 1972 uel
1308 1906 1486 1980 tmncata

134 2014 271 2100 eidem
301 2029 584 2125 apponuntur,
614 2011 725 2124 quod
756 2035 882 2124 neque
912 2012 953 2096 in
985 2010 1056 2100 irae
1088 2013 1212 2127 figura
1240 2015 1327 2108 satis
1365 2017 1481 2131 liqtu·

132 2144 190 2230 do
219 2157 398 2256 apparet.
459 2137 611 2226 Deficit
654 2163 751 2256 ergo
798 2140 839 2224 in
868 2141 991 2252 priori
1029 2140 1183 2254 figtua,
1222 2144 1265 2229 in
1295 2161 1479 2236 musmo

132 2272 296 2359 musculi
324 2269 422 2357 retii
439 2269 656 2356 abdominis
681 2267 853 2356 minimo
883 2293 930 2354 ea
959 2268 1208 2382 longitudinis
1247 2297 1361 2386 pars,
1397 2282 1480 2390 'qur
1570 2365 1580 2389 .

130 2399 248 2512 supra
277 2398 534 2511 cartilaginem
565 2397 693 2485 costae
723 2398 884 2482 omarum
931 2398 981 2482 ad
1027 2398 1233 2511 septimam
1279 2405 1478 2516 exporrigi

129 2528 242 2616 blot.
306 2527 355 2614 ln
385 2529 506 2614 altera
534 2545 672 2612 contra
718 2523 839 2612 cauda
887 2521 1048 2612 musculi
1093 2531 1262 2615 extremi
1310 2533 1477 2622 minima

127 2675 247 2746 tanto
277 2654 431 2772 longior
461 2655 544 2764 est,
576 2673 716 2768 mnnta
745 2655 855 2741 daun
884 2653 1057 2774 tlislantia
1087 2656 1189 2742 inter
1218 2653 1380 2744 limbum
1413 2660 1473 2746 in·
1539 2756 1546 2768 ,

124 2785 317 2876 seriorem
346 2777 574 2898 cartilaginis
602 2785 726 2870 cotiae
756 2785 885 2869 sextae
916 2801 956 2870 et
987 2785 1203 2897 marginem
1246 2783 1479 2876 interiorem

119 2918 308 3005 eiufflem
345 2915 476 3003 tollae
523 2913 742 3027 septimae,
789 2914 853 2999 eui
885 2912 986 2999 soret
1018 2913 1235 3001 naturaliter
1262 2910 1472 3003 inserenda.

118 3044 172 3133 In
209 3044 365 3158 reliquis
395 3045 493 3132 binis
525 3043 742 3149 extemis,
769 3041 812 3125 in
841 3056 1007 3153 utroque
1056 3039 1245 3125 musculo·
1277 3043 1319 3126 id
1356 3068 1472 3154 prae-

119 3174 357 3262 tetnaouale
407 3170 648 3280 obbruatru,
687 3169 792 3283 quod
822 3169 949 3254 ambo
978 3168 1077 3254 inter
1105 3166 1143 3251 se
1175 3166 1245 3254 sint
1270 3170 1469 3283 aequalia,

118 3330 217 3391 tum
250 3322 461 3389 nmmum
490 3301 625 3387 medio
642 3317 754 3383 tanto
772 3296 922 3410 longius
937 3300 981 3385 fit
998 3294 1236 3407 natmaliter,
1260 3317 1398 3409 quanta
1415 3300 1470 3391 est

118 3432 289 3521 inertia
303 3432 414 3520 altior
441 3433 542 3522 inter
571 3428 678 3513 binas
706 3425 838 3513 collas
871 3424 984 3539 Ergo
1014 3426 1056 3511 in
1084 3424 1208 3536 priori
1236 3425 1364 3530 ,tabula
1395 3453 1469 3517 ex·

118 3582 306 3653 tremum
338 3563 512 3648 medium
543 3556 701 3643 musculi
746 3556 842 3641 retii
886 3571 995 3641 tanto
1025 3554 1175 3640 breuius
1204 3554 1288 3664 est,
1328 3578 1468 3668 quanta

115 3696 303 3780 dillantia
321 3687 567 3776 intereoslalis
597 3711 620 3772 a
651 3686 824 3796 margine
838 3680 1026 3795 superiore
1057 3682 1181 3769 eoliae
1206 3682 1392 3795 septimae
1415 3688 1466 3773 ad
1612 3766 1614 3773 Α

116 3823 357 3915 itrferioretn
375 3802 1214 3927 sextieinter‘cedit301tremumexternurn
1232 3812 1464 3925 obteniatur,
1615 3844 1619 3851 ⁴

114 3970 314 4069 quntum
345 3948 395 4035 ab
425 3948 570 4035 eodem
601 3944 692 4029 loeo
719 3940 831 4028 dislat
859 3968 1000 4055 margo
1033 3940 1189 4028 inferior
1204 3942 1330 4028 costae
1355 3944 1467 4055 quin-

112 4103 194 4172 tae.
267 4077 320 4170 lo
346 4076 458 4169 altera
499 4092 635 4163 autem
672 4070 803 4161 tabula
848 4074 963 4161 cauda
996 4072 1166 4161 eiusdem
1218 4072 1346 4158 media
1380 4091 1464 4157 tan-

114 4235 163 4300 to
195 4211 317 4297 altitu
343 4206 591 4313 extenditur,
620 4220 760 4315 qtranta
792 4200 848 4285 est
878 4202 1036 4287 lanmdo
1066 4200 1297 4311 cartilaginis
1336 4200 1468 4289 tollae

110 4342 263 4439 sextae·
328 4334 464 4429 ueta
493 4352 656 4445 amem,
685 4330 764 4557 siit?
781 4350 983 4563 kexterne,
1013 4328 1321 4465 rursirsbreuior,
1338 4356 1464 4443 quan·

610 4508 615 4517 ·
823 4480 870 4584 ‘3
942 4545 946 4555 ,
1370 4476 1462 4549 turn
