4475 5900
232 540 244 557 ..
611 401 615 407 ⁴
706 480 863 586 aar
932 549 938 560 .
1108 408 1457 583 ub··auunra⁷·
1476 480 1753 590 nubtura.

769 688 949 799 Maxilla
964 713 1115 802 inferior
1154 701 1285 805 denter
1323 720 1506 807 ¹incisores
1541 723 1691 809 obtinet
1724 742 1884 832 quatuor
1918 752 2039 827 --4

770 836 940 933 Caninos
953 869 994 926 2.
1004 847 1191 958 prioribus
1208 850 1735 958 smiles,breuiorestanntm
1753 850 1865 935 tertia
1883 868 1993 961 parte
2016 876 2041 931 2

1023 976 1187 1063 molares
1205 979 1246 1061 in
1268 978 1418 1090 [quous
1433 978 1556 1066 taren
1585 1002 1626 1083 ς.
1654 978 1957 1065 coniunctim·
1985 1005 2042 1063 to

1027 1105 1159 1213 ultimi
1190 1128 1326 1191 autem
1356 1106 1523 1193 molares·
1546 1112 1651 1197 ultra·
1675 1106 1831 1219 frenum.
1857 1109 1919 1191 in·

944 1266 956 1287 ·
1029 1250 1089 1317 tra
1118 1232 1241 1320 fruces
1264 1236 1459 1323 reconditi.
1479 1236 1580 1323 sunt.
1653 1284 1671 1301 ·
1737 1283 1754 1299 -
1819 1287 1843 1302 ..
1902 1284 1918 1300 ·
1986 1248 2044 1321 16

1591 1355 2100 1381 *m*—O-u

864 1371 1028 1467 Summa
1058 1379 1234 1465 dentium
1270 1381 1317 1466 iu
1344 1381 1565 1469 uniuersum
1604 1413 1669 1493 32
1699 1390 1740 1472 in
1772 1392 1997 1500 quibusdam
2031 1420 2092 1496 34.

740 1605 742 1607 ’
885 1568 1038 1680 Lingua
1064 1569 1119 1655 ab
1145 1566 1236 1655 offic
1259 1569 1421 1685 hyoidia
1444 1574 1733 1687 insertione·„id.
1750 1582 1839 1667 esta
1858 1584 1933 1668 bast
1959 1576 2010 1669 ad'
2026 1587 2094 1696 api·

771 1722 860 1783 cem
896 1710 941 1797 a}
975 1699 1137 1783 ruciam
1183 1694 1300 1811 longa
1316 1766 1335 1811 ,⁴
1361 1715 1385 1800 ξ
1411 1706 1572 1819 ariciam
1608 1706 1682 1793 lata
1699 1772 1720 1817 „
1765 1712 1941 1797 vitulinae
1994 1715 2093 1797 instar

771 1823 901 1922 uillob
932 1845 971 1910 et
1001 1828 1044 1911 in
1077 1824 1165 1939 ipso
1193 1830 1310 1940 apice·
1336 1829 1544 1919 secuudum
1569 1835 1720 1921 lineam
1747 1842 1972 1931 medianam
2025 1863 2093 1926 tau·

772 1955 900 2041 tilium
936 1954 1083 2063 bifida,
1115 1953 1247 2070 subtus.
1288 1958 1448 2046 steuulo
1468 1988 1515 2043 1..
1543 1968 1708 2053 unciam
1731 1968 1788 2053 ab·
1811 1972 1920 2081 apice
1972 1992 2094 2057 mento

769 2082 952 2194 alligata,
987 2104 1140 2194 praeter
1164 2086 1330 2171 dudum
1358 2088 1558 2175 salinarem
1569 2094 1737 2207 Vateri„
1763 2097 1941 2185 foramen
1959 2100 2095 2211 lingtne

768 2213 962 2322 utrimque
992 2214 1268 2303 terminantem
1292 2277 1310 2321 ,.
1332 2218 1455 2303 aliurn.
1477 2220 1527 2343 in
1554 2222 1640 2333 ipsa:
1664 2224 1764 2311 linea
1789 2231 1965 2315 mediana
1993 2241 2094 2337 {ru-

766 2338 849 2429 ciae
874 2342 927 2425 ab
960 2340 1038 2425 osse
1068 2340 1213 2448 hyoide
1247 2343 1304 2435 in¹
1320 2368 1369 2428 os.
1395 2345 1666 2437 [enutrientem
1691 2356 1841 2443 inueni..

789 2543 822 2563 ‘'
888 2522 1063 2618 Palatum
1095 2532 1203 2619 intus
1226 2532 1357 2621 talida
1386 2512 1615 2629 membrana·
1642 2546 1834 2638 instratum
1886 2580 1932 2640 ac
1965 2554 2097 2669 duplici

672 2753 675 2759 ,
769 2658 861 2747 serie
888 2686 1079 2773 arcuum,
1110 2660 1308 2776 segmenta
1336 2666 1471 2756 circuli
1495 2672 1743 2763 reserentiurn:
1787 2684 1999 2797 rugosum,
2037 2711 2096 2799 per

769 2816 863 2907 quor
893 2786 1071 2877 mediana
1103 2791 1204 2877 linea
1234 2793 1437 2909 discurrit,
1464 2824 1610 2913 eosque
1634 2806 1802 2895 dirimit..

788 2938 795 2949 ·
888 2916 1042 3006 Collum
1091 2922 1307 3040 peripheria
1346 2952 1423 3042 non
1456 2933 1574 3018 utin
1604 2932 1872 3054 phricacaput
1921 2946 2095 3056 excedit,

756 3047 832 3135 'sed
864 3047 1051 3159 augctstiua
1079 3051 1133 3138 'est
1166 3077 1209 3138 ac
1242 3058 1438 3172 manifeste
1485 3082 1529 3147 ut
1562 3063 1601 3151 in
1635 3066 1729 3152 lutra
1769 3072 2019 3183 distinctum,
2053 3081 2096 3162 ita

770 3196 810 3262 et
841 3178 984 3287 reliqua
1014 3181 1201 3292 corporis¹
1220 3183 1344 3274 formu
1376 3213 1425 3274 ue
1456 3188 1577 3276 hilum
1612 3219 1634 3278 a
1663 3199 1891 3288 terrestribus
1924 3207 2097 3292 animali-

699 3360 703 3372 .
768 3305 838 3391 bus
869 3304 1021 3411 deficit,
1052 3309 1092 3390 iu
1127 3313 1264 3395 medio
1295 3315 1503 3402 abdomine
1534 3322 1632 3434 circa
1666 3329 1827 3439 uaginae
1857 3335 1964 3442 penis
1997 3333 2097 3420 orifi-

769 3437 873 3518 cium
907 3431 1089 3544 crassius,
1119 3459 1259 3549 corpus
1290 3440 1349 3526 seu
1384 3435 1537 3532 truncus
1568 3469 1610 3534 vt
1642 3449 1684 3538 in
1731 3455 1837 3564 lucris
1868 3459 1961 3546 solet
2012 3490 2095 3576 pro

768 3560 952 3673 duddor3
986 3564 1180 3674 potissima
1212 3567 1422 3658 differentia
1456 3603 1477 3660 a
1509 3577 1662 3690 reliquis
1699 3589 1879 3672 omnibus
1909 3608 1995 3678 tam
2029 3615 2096 3677 ter·

768 3690 940 3773 restribus
971 3719 1087 3804 quum
1124 3699 1282 3783 murinis
1317 3704 1523 3816 amphibiis
1556 3735 1576 3792 a
1609 3713 1753 3823 pedum
1805 3719 1930 3804 sorma
1982 3721 2096 3834 profi-

767 3815 944 3925 ciscitur,
974 3820 1043 3904 situ
1076 3824 1304 3932 posteriores
1333 3827 1455 3948 saltim
1489 3838 1602 3946 pedes
1633 3833 1708 3924 a‘no
1759 3846 1959 3933 viciniores
1992 3851 2094 3960 sunt,

768 3964 884 4049 quam
917 3945 958 4028 iu
991 3951 1222 4067 terrestribus
1253 3951 1504 4070 animalibus,
1537 3966 1685 4081 inquo
1719 3997 1811 4058 curn
1845 3977 1942 4064 lutra
1977 3999 2019 4064 et
2034 4008 2093 4065 co-

768 4063 909 4169 lymbis
939 4079 1139 4162 conuenit.

884 4198 1014 4288 Pedes·
1037 4227 1119 4290 tam
1154 4211 1386 4324 anteriores,
1418 4245 1535 4331 quam
1569 4225 1793 4338 posteriores
1809 4259 1891 4322 nou
1922 4237 1985 4324 sub
2018 4257 2096 4326 cute

768 4313 885 4403 claun
914 4324 1092 4440 latitant,
1132 4332 1193 4422 sed
1229 4345 1344 4428 utin
1378 4351 1607 4450 terrestribus
1656 4359 1802 4472 integre
1855 4367 2097 4479 exsenatu,

765 4462 806 4532 et
836 4452 1054 4544 extrorsum
1084 4485 1301 4584 apparent,
1330 4471 1424 4563 hinc
1456 4500 1496 4567 et
1526 4489 1811 4604 promptiffime
1843 4497 2018 4608 incedit,
2055 4521 2098 4583 ac

1953 4627 2099 4718 ceteri·-
