4475 5900
141 517 403 614 Murem
419 513 485 612 m
502 513 760 610 ramora
774 511 1344 617 arimannorum
1379 547 1473 634 ις,

142 768 222 838 tam
254 748 509 863 musculorum
543 747 718 840 hominis
748 750 944 840 historiam
980 749 1077 874 (a),
1106 758 1196 870 quin
1225 780 1278 842 ex
1308 777 1477 846 comiato
1524 845 1526 850 ,

140 881 209 968 fibi
240 884 406 968 candore
437 900 479 967 et
510 879 609 968 hanc
649 883 878 971 uarietatem
929 885 1157 974 indicasset*
1202 887 1296 974 Vidi
1345 904 1478 976 tamen

146 1010 188 1095 in
217 1011 352 1123 soetu,
386 1014 457 1098 ubi
487 1036 574 1122 pars
604 1013 779 1126 corporis
808 1012 969 1100 inferior
998 1017 1113 1128 plane
1144 1017 1387 1127 monstrosa,
1412 1043 1478 1103 cu-

141 1140 200 1226 ius
231 1141 426 1258 historiam
457 1144 684 1250 concinno,
712 1141 857 1228 costam
891 1143 1092 1256 septimam
1124 1147 1171 1232 ad
1211 1148 1376 1232 ssemum
1387 1215 1407 1262 ,
1437 1149 1479 1232 in

140 1269 262 1358 latere
291 1274 459 1380 dextro,
491 1296 575 1354 non
606 1274 825 1383 pertinere,
855 1273 949 1381 sed,
980 1277 1151 1362 nsoter
1182 1277 1320 1364 ostana
1367 1277 1481 1390 septi·

142 1427 263 1511 mae,
296 1403 348 1487 stc
378 1402 459 1486 iarn
492 1399 588 1484 hacc
616 1402 741 1486 sextae
772 1402 1032 1512 cartilaginem
1065 1405 1161 1490 infra
1194 1408 1402 1516 tangebat,
1426 1405 1482 1492 iiii

142 1533 286 1618 iuncta.
361 1527 553 1616 Mttsculus
600 1530 726 1614 rodina
756 1551 850 1616 vero
899 1528 1115 1618 findebatur
1155 1535 1307 1620 induo
1356 1535 1483 1621 modo

141 1679 346 1764 extrema,
386 1683 555 1770 quonam
603 1655 731 1744 sterno
768 1659 996 1769 proximum
1038 1661 1225 1770 ‚gracilius
1272 1664 1482 1772 cartilagirn‘

140 1787 416 1897 costaesertae,
433 1805 641 1872 extemnm
657 1787 768 1874 latius
781 1790 934 1897 quintae
949 1789 1080 1872 eidem
1094 1787 1323 1876 inserebatur
1339 1793 1386 1876 ad
1405 1805 1482 1874 ten

139 1918 243 2006 tiam
302 1917 452 2002 circiter
499 1914 748 2032 longitudinis
781 2026 786 2044 Ι
793 1933 976 2026 partem,
1026 1938 1141 2030 atque
1190 1919 1357 2004 indeed
1408 1917 1481 2004 ini·

140 2051 278 2155 tium,
311 2070 392 2158 quo
423 2070 474 2132 ex
504 2045 606 2130 ossea
635 2044 740 2128 costa
772 2046 1037 2157 continuatur,
1069 2069 1217 2158 usque,
1253 2049 1359 2133 iuxta
1390 2045 1484 2144 lanu
1639 2081 1648 2090 ·

139 2200 179 2263 et
208 2173 449 2262 insertionem
480 2173 616 2286 prioris
646 2171 884 2258 adscendens.
950 2171 1048 2259 Vidi
1081 2176 1191 2260 idem
1224 2177 1265 2260 in
1302 2177 1487 2262 cadauere

140 2307 216 2393 viri
251 2305 423 2414 robusti,
455 2308 559 2392 cuitu
588 2301 665 2388 ossa
698 2304 751 2389 ob
782 2300 890 2412 plura
921 2303 1120 2416 peculiam
1164 2304 1334 2390 nouanda
1380 2303 1485 2390 sento

139 2433 236 2551 (b).
306 2433 369 2519 lbi
399 2455 529 2522 autem
560 2430 746 2516 musculus
777 2430 923 2517 Reduc
952 2431 1176 2514 naturaiiter
1196 2431 1411 2518 findebatur
1443 2435 1486 2518 in

132 2569 220 2651 ‚tria
253 2575 463 2669 extrema,
494 2562 557 2646 sed
588 2559 760 2670 primum
792 2557 936 2644 horum
969 2557 1211 2671 pertingebat
1241 2559 1289 2646 ad
1329 2558 1484 2670 sexue,

140 2694 349 2780 stenndum
381 2695 430 2777 ad
461 2693 615 2805 quintae
644 2688 770 2774 costae
801 2688 1065 2800 cartilaginem
1083 2745 1097 2797 ‚-
1114 2688 1270 2813 tertium
1309 2690 1355 2775 ad
1375 2713 1485 2804 qnar-

140 2837 233 2908 tam
266 2823 442 2928 costam,
476 2821 614 2933 partim
648 2819 824 2929 osseam,
857 2819 1032 2930 partim,
1065 2817 1135 2903 ubi
1165 2841 1217 2904 ex
1248 2817 1320 2906 hac
1337 2818 1490 2906 cartila-

140 2980 201 3065 go
237 2952 393 3035 ulterius
422 2953 472 3035 ad
511 2949 677 3033 stemnm
717 2949 926 3061 procedit3
967 2947 1065 3031 dnm
1107 2949 1216 3031 iuxta
1267 2952 1485 3059 marginem

140 3081 405 3194 superiorem,
464 3102 579 3189 qnam
625 3074 750 3184 solet,
809 3076 920 3162 alnus
976 3072 1180 3187 pectoralis
1237 3074 1484 3187 procedebat.

140 3208 253 3297 Sunt
284 3208 327 3293 hi
361 3206 459 3292 casus
489 3206 677 3313 rariores,
710 3230 779 3291 nec
819 3203 986 3307 modum
1034 3200 1209 3289 Naturae
1257 3200 1487 3313 sequuntur,

144 3342 217 3427 etsr
254 3340 296 3423 in
331 3362 430 3423 mox
462 3338 577 3421 citato
608 3360 756 3446 opere,
785 3350 830 3418 ut
860 3330 996 3443 paffim
1043 3329 1151 3414 obuii
1201 3328 1489 3445 describuntur,

142 3491 223 3579 et,
259 3469 363 3582 quod
398 3468 523 3577 magis
556 3466 706 3571 miror,
749 3466 788 3544 in
823 3462 923 3545 binis
953 3458 1106 3545 diuersis
1138 3456 1265 3571 figuris
1295 3457 1376 3545 soli
1393 3462 1487 3546 deli·

722 3592 757 3675 K
788 3591 815 3673 k
849 3617 874 3670 2
1349 3586 1489 3676 vnean·

158 3716 1487 3759 Ν

306 3766 375 3869 (a)
398 3770 514 3841 Lcidae
541 3769 727 3839 Banuorum
746 3792 867 3860 ‚1734
894 3791 929 3839 et
949 3764 1058 3840 celeb.
1086 3765 1284 3866 Douglrssans
1299 3774 1327 3839 in
1344 3769 1490 3877 descript,
1640 3842 1650 3853 .

147 3867 282 3941 museul.
310 3868 337 3948 §-
360 3892 391 3955 5.
416 3869 552 3962 sutrim
576 3865 684 3939 Reno
708 3874 835 3941 tenditeo
858 3894 975 3944 carnem
1003 3872 1208 3961 cartilaginum
1244 3874 1378 3960 astarten
1393 3882 1492 3973 septi.

148 3995 244 4056 m,
266 3974 369 4061 sanae
384 4018 397 4058 ‚
412 3975 550 4065 quittae,
573 3992 663 4064 ptnpe
676 3994 706 4041 os
726 3975 857 4064 penoris.

310 4068 381 4170 (b)
406 4070 500 4162 Vbi,
521 4095 757 4172 ¹praeterquam
795 4071 883 4173 qood
916 4075 948 4142 in
975 4070 1071 4145 latere
1096 4072 1211 4144 finistro
1248 4076 1326 4145 cosia
1363 4073 1491 4179 septima

150 4169 206 4243 sua
231 4174 413 4269 cartilagine
437 4200 500 4248 nnn
532 4176 572 4247 ad
597 4178 726 4245 sicmum
754 4179 934 4272 pertingit,
959 4178 991 4244 in
1016 4174 1134 4245 dextro
1163 4174 1258 4245 latere
1290 4182 1366 4249 cosia
1406 4184 1491 4259 duo·

150 4273 412 4363 decimanona,
439 4298 472 4347 et
498 4280 527 4346 in
544 4278 649 4345 irfima
675 4273 756 4345 dorsi
781 4274 924 4345 vertebra
947 4277 1023 4344 sanus
1061 4272 1191 4381 lateralia
1217 4276 1254 4347 ad
1282 4282 1374 4351 costae
1402 4284 1492 4365 haim

148 4396 262 4498 mont·
276 4374 486 4472 recipiendum
501 4375 720 4494 desideratum
745 4394 837 4475 atque
864 4373 1155 4549 fflpelgsvertebrn
1184 4376 1372 4501 'lumborum
1388 4387 1425 4457 ab
1440 4396 1493 4459 in..

149 4474 695 4667 {zraaanstuannur
711 4496 1495 4683 untra.aaeaa“f¹;auaae
