4475 5900
798 352 929 507 ,ιιι
1082 380 1414 497 munuum
1442 364 1819 479 ousnnmnor

797 614 1148 741 complementum
1181 614 1387 702 altitudinis
1415 616 1539 703 centri
1567 614 1704 701 Lunae
1736 614 1844 745 supra
1878 608 2088 699 huruuua

798 773 862 835 cx
890 748 1199 833 antecedentibus
1229 767 1401 855 notum,
1433 747 1536 830 unde
1586 744 1700 829 facile
1747 768 1836 829 con
1828 748 2092 855 equusque

797 878 931 963 hrum
993 876 1160 987 Optime
1188 894 1319 961 autem
1352 893 1394 961 et
1424 872 1608 961 facillime
1652 896 1834 959 omnum
1891 868 2094 956 determinari

631 1055 634 1060 <
801 1004 932 1117 potest
965 1005 1167 1115 paralhrxis
1197 1007 1320 1087 centri
1352 1001 1532 1089 Lunae
1518 1020 1628 1087 auxta
1677 1005 1851 1114 primam
1902 997 2094 1085 methodtn

794 1157 855 1217 ex
885 1131 1089 1217 obseruatis
1122 1131 1378 1217 altitudinibus
1410 1131 1531 1215 centri
1560 1128 1694 1215 Lunae
1725 1129 1833 1241 supra
1852 1128 2093 1227 horizontem,

795 1261 978 1347 cornibus
1006 1258 1163 1372 phaseor
1195 1260 1306 1343 srturn
1338 1257 1600 1370 verticalem,
1632 1258 1701 1343 tel
1730 1256 1960 1369 parallelum
1994 1249 2092 1338 adhe

795 1392 993 1475 tizoutem
1026 1388 1284 1499 habentibus·,
1320 1388 1361 1471 in
1393 1389 1530 1498 primo
1559 1390 1669 1471 enim
1708 1386 1795 1471 casu
1834 1383 2000 1471 altitudo
2034 1403 2095 1461 ceu·

797 1520 848 1600 tri
882 1517 1043 1599 umbrae
1077 1516 1185 1624 supra
1217 1515 1470 1599 horizontem
1501 1540 1690 1625 apparens
1720 1514 1886 1625 aequalis
1915 1512 1970 1595 est
2003 1506 2095 1591 altitu·

794 1644 881 1727 dini
913 1643 1038 1726 centri
1070 1643 1205 1725 Lunae
1237 1658 1447 1727 momento
1478 1642 1546 1727 illo
1578 1641 1825 1751 obseruare,
1856 1666 1915 1725 cx
1926 1640 2096 1743 eademque

797 1774 889 1857 data
919 1770 1148 1854 immediate
1182 1771 1328 1879 datur3
1365 1772 1404 1856 iu
1435 1772 1593 1855 {mundo
1624 1794 1759 1855 antem·
1786 1770 1872 1855 casu
1912 1792 1969 1851 ex
1998 1763 2096 1849 disin·

799 1900 854 1983 tia
886 1919 1113 1983 ceutronum
1146 1899 1194 1983 ad
1223 1898 1328 1982 idem
1360 1916 1518 2008 tempus
1550 1924 1621 2010 per
1652 1899 1960 1983 obseruationem
1998 1894 2093 1977 inuen

802 2022 938 2111 tarel
970 2050 1041 2133 per
1076 2025 1248 2137 regulum
1295 2026 1595 2137 proportionum
1644 2026 1807 2112 deducta
1856 2022 2092 2126 altitudineque

798 2152 925 2241 centri
957 2151 1091 2238 Lunae
1123 2153 1232 2237 nullo
1263 2154 1425 2262 negotio
1441 2154 1697 2261 consequetur.
1763 2152 1946 2263 Denique
1975 2150 2028 2233 ⁶1·
2051 2144 2097 2227 dr·

799 2283 849 2365 tis
880 2278 929 2363 ad
968 2297 1125 2390 tempus
1156 2278 1354 2364 cuiuslibet
1405 2278 1677 2367 obseruationis
1725 2282 1889 2393 phaseos
1937 2272 2096 2363 arimin

724 2473 726 2476 -
767 2409 1056 2525 ‚dannatione
1084 2426 1126 2491 et
1155 2406 1368 2491 ascensione
1402 2408 1525 2490 centri
1544 2406 1675 2493 Lunae
1692 2409 1989 2519 apparentibus,
2011 2406 2096 2485 itern-

798 2562 874 2650 que
906 2532 1094 2649 parallarri
1127 2534 1336 2645 altitudinis
1369 2533 1499 2619 Lunae
1529 2536 1731 2619 declinatio
1762 2557 1803 2619 et
1830 2536 1994 2621 ascenso
2024 2525 2097 2613 reda

798 2666 924 2752 centri
967 2662 1101 2752 Lunae
1144 2687 1258 2748 uerae
1303 2664 1552 2747 inuenientur.
1638 2666 1711 2750 His
1741 2684 1871 2749 autem
1905 2660 2098 2775 coguitiset

800 2793 1028 2905 obliquitate
1060 2790 1264 2903 eclipticas
1295 2789 1343 2873 ad
1376 2809 1619 2902 aequatorem
1653 2795 1770 2900 data,
1803 2792 1966 2877 latitudo
1979 2805 2097 2897 qnoque

800 2939 848 3007 et·
885 2919 1094 3031 longitudo
1144 2919 1267 3004 centri
1301 2916 1434 3004 Lunae
1466 2944 1577 3006 uerae
1609 2918 1717 3007 heile
1767 2918 2096 3007 detenuinabuuur.

803 3049 959 3166 Quodsi
991 3070 1122 3133 autern
1153 3047 1200 3132 ad
1234 3065 1410 3160 tempora
1443 3047 1599 3134 duanam
1633 3050 1887 3162 quanunlibet
1905 3041 2096 3134 obseruatio

746 3214 748 3219 ’
805 3203 901 3262 num
933 3177 1096 3289 phaseos
1125 3176 1335 3262 htitudiues
1365 3191 1405 3260 et
1438 3173 1693 3288 longitudines
1722 3178 1854 3264 Lunae
1893 3199 2001 3262 uerae
2027 3163 2096 3254 dei·

802 3307 979 3413 mantue,
1014 3303 1330 3390 determinabitur
1360 3302 1450 3386 iude
1481 3307 1683 3394 inclinatio
1715 3306 1862 3392 orbitae
1896 3302 2043 3390 Lunaris
2065 3293 2096 3377 td

802 3431 1025 3544 eclipticam
1057 3455 1181 3533 reru,
1216 3431 1322 3518 locus
1366 3430 1461 3514 nodi
1499 3435 1650 3519 orbitae
1700 3433 1860 3521 Lunaris
1909 3456 2037 3533 uerus,
2071 3440 2097 3504 rt

801 3561 974 3648 distantia
1004 3563 1127 3647 centri
1156 3557 1289 3649 Lunae
1318 3585 1341 3644 a
1373 3561 1525 3646 uodo
1513 3587 1555 3646 ru
1584 3583 1743 3676 utraque
1757 3563 2015 3651 obscuratione
2027 3550 2096 3664 plu·

802 3688 886 3777 seos
901 3688 1080 3776 obtinens
1095 3689 1234 3778 itidem
1252 3715 1356 3777 uera
1374 3689 1518 3807 Quodsi
1535 3694 1691 3779 tandem
1710 3691 1770 3772 6¹⁰
1799 3717 1856 3778 ex
1872 3689 2030 3806 qnalibet
2047 3678 2098 3761 ob

806 3820 1021 3908 seruatione
1052 3818 1244 3931 phustas,
1271 3837 1470 3932 quotquot
1511 3844 1645 3908 earum
1693 3821 1853 3908 durante
1901 3813 2020 3928 eclipsi
2046 3805 2098 3888 ob

805 3947 975 4038 senune
1001 3944 1114 4058 sunt,
1144 3949 1424 4038 semidiameter
1461 3973 1649 4060 apparens
1685 3949 1875 4061 umbrae,
1923 3964 1962 4032 et
1989 3937 2098 4042 didm

810 4078 1018 4166 thecum
1050 4073 1237 4165 Lenaea
1268 4093 1406 4164 centro
1454 4077 1632 4190 Terrae,
1682 4103 1742 4211 ιι
1769 4102 1898 4223 eaque·
1934 4061 2100 4204 pan-llll}1⁵

817 4206 941 4296 centri
971 4204 1107 4299 Lunae
1134 4206 1423 4302 honzontalls
1412 4201 1698 4324 rnuuaautr,
1729 4223 1771 4296 et
1801 4229 1856 4302 ex
1885 4207 1930 4302 iis
1956 4189 2102 4410 111sz
