4475 5900
751 475 914 602 tot
1020 525 1023 535 ι

363 709 415 792 o.
441 707 503 792 w.
528 707 764 842 smrrnu
788 712 855 790 ur
879 707 1055 813 resno
1078 709 1287 812 ιιιιιιιιιΙ

71 1005 77 1015 ἱ
208 891 336 994 oirac
364 909 703 997 commentatione
726 929 907 1026 quatuor
944 909 1075 996 bestias
1105 913 1302 1014 marinas,
1337 908 1490 1005 Manati

234 1036 376 1126 scilicet
415 1041 478 1122 seu
518 1063 685 1122 vaccam
721 1041 945 1146 marinam,
977 1037 1105 1124 ursum
1144 1042 1376 1149 marinum,
1406 1043 1488 1131 lco-

163 1187 262 1252 nem
295 1169 492 1254 marinum
526 1185 566 1250 et
596 1167 738 1250 luteam
769 1169 961 1262 marinam
976 1168 1153 1254 der'cribit
1185 1171 1374 1284 longioris
1404 1174 1492 1262 aeui

160 1281 399 1406 dignillimus
437 1294 590 1382 Auctor
627 1314 740 1378 tanto
781 1296 935 1403 studio,
968 1297 1118 1389 utrix
1142 1292 1359 1410 quidquam
1392 1301 1496 1392 deli·

161 1423 287 1509 derari
325 1422 475 1538 poffit,
525 1424 628 1533 quod
668 1425 717 1514 ad
758 1424 974 1534 plenariam
1013 1427 1242 1512 annualium
1284 1427 1490 1521 historiam

160 1551 320 1663 spectat.
388 1554 578 1646 Habitum
620 1552 729 1650 enirn
769 1554 954 1670 corporis
963 1551 1152 1667 depingit
1181 1555 1490 1670 accuratiffime,

159 1679 211 1764 de
253 1681 408 1792 singolis
454 1680 644 1772 membris
690 1703 902 1790 eorumque
948 1677 1066 1782 litu,
1126 1686 1432 1792 magnitudine
1440 1703 1497 1782 et·

81 1887 90 1908 ,
159 1811 418 1922 proportione
455 1804 601 1893 differit
643 1807 845 1900 uberrime
885 1824 944 1890 et
956 1807 996 1888 in
1029 1806 1068 1888 id
1108 1831 1225 1890 unice
1270 1812 1489 1924 incumbit,

157 1955 206 2019 ut
242 1935 392 2020 formae
432 1949 615 2017 externae
655 1921 796 2016 claram
837 1951 881 2013 et
915 1930 1139 2014 distindiam
1181 1937 1309 2019 ideam
1350 1941 1487 2027 tradat.

158 2057 239 2148 Sed
279 2087 351 2151 nec
389 2063 553 2144 interna
580 2059 722 2154 intacta
763 2057 968 2169 relinquit,
1010 2055 1232 2148 structuram
1271 2087 1403 2155 earum
1435 2067 1488 2154 ri.

159 2209 318 2304 matur,
349 2209 536 2304 quantum
577 2211 649 2300 pet
676 2187 984 2287 circmnstaotias
1021 2186 1099 2272 loci
1139 2209 1183 2273 et
1214 2195 1408 2302 temporis
1438 2196 1494 2282 li-·

156 2340 252 2428 cet,
290 2317 578 2404 conuenientias
615 2317 784 2428 partium
823 2341 912 2402 cum
951 2313 1039 2400 aliis
1079 2335 1123 2400 et
1151 2315 1384 2405 differentias
1414 2322 1493 2408 de·

154 2447 297 2554 clarat,
326 2467 365 2532 et
392 2447 539 2540 exinde
571 2443 996 2556 mechanilioosatque
1032 2465 1206 2532 naturam
1248 2450 1487 2540 auimaiium

156 2575 366 2662 dilucidare
423 2593 565 2686 curat;
604 2572 690 2657 usus
723 2575 892 2685 partium
926 2575 966 2657 iu
1000 2572 1119 2682 cibo,
1159 2577 1348 2662 medicina
1377 2581 1490 2668 aliie·

155 2731 283 2820 que
272 2705 385 2790 rebus
424 2702 638 2816 exponit,
648 2703 826 2818 denique
863 2705 915 2790 de
947 2722 1094 2808 motu,
1127 2723 1260 2791 natura
1290 2724 1331 2790 et
1360 2707 1488 2796 moti·

152 2832 224 2922 tus
254 2833 457 2921 bestiarum
490 2847 626 2918 narrat.

275 2966 500 3071 Antequam
540 2982 674 3047 autem
713 2960 764 3045 ad
801 2984 882 3047 rem
926 2961 1044 3070 ipsam
1084 2889 1267 3073 accedit,
1305 2970 1493 3063 ruinalis

153 3112 210 3183 ex
239 3112 324 3171 uuo
354 3088 512 3171 climate
551 3087 593 3179 in
625 3086 729 3167 aliud
761 3084 1007 3191 transportata
1049 3081 1192 3191 paene
1201 3093 1367 3197 speciem
1397 3124 1484 3182 mu.

152 3234 237 3303 tare
270 3216 469 3327 exemplis
497 3236 708 3323 equorum,
738 3212 871 3297 ouium
904 3227 945 3291 et
976 3208 1186 3306 sciurorum
1215 3206 1486 3340 demonstrat,

155 3366 240 3432 tum
275 3344 463 3457 phocas
452 3366 493 3425 ιιι
526 3360 603 3425 tres
633 3340 775 3451 species
804 3360 952 3422 rotrone
985 3338 1486 3467 magnitudinicdistinguit,

155 3476 458 3587 snrgularumque
498 3489 538 3555 et
579 3466 715 3555 locum
749 3468 914 3571 natalem
955 3467 1227 3579 determinat,
1276 3497 1317 3559 ct
1364 3484 1486 3568 ratio

157 3630 262 3691 nem
301 3602 486 3720 adducit,
535 3622 605 3681 cur
644 3595 720 3681 hoc
761 3616 910 3699 tantum
952 3618 1016 3677 an
1021 3593 1143 3704 phibii
1176 3622 1295 3707 genus
1325 3634 1405 3695 non
1441 3614 1484 3697 in

155 3738 307 3845 oceano
322 3730 502 3834 solum,
542 3722 605 3835 sed
659 3743 700 3807 et
744 3724 892 3809 lacubus
938 3721 1098 3834 palsrm
1124 3731 1364 3839 reperiatur,
1403 3740 1481 3825 alia

153 3880 284 3949 autem
318 3858 429 3945 certis
459 3846 685 3969 quibusdam
716 3854 937 3968 regionibus
966 3874 1011 3935 cr
1039 3854 1135 3938 locis
1167 3865 1323 3968 propria
1356 3866 1444 3949 fint

203 3986 340 4075 'De
379 4008 540 4099 quatuor
566 3982 717 4067 rliestiis
773 3982 931 4069 marinis
979 4004 1133 4079 namet,
1170 3985 1377 4075 iunonoffe
1414 4014 1491 4084 eas-

153 4140 244 4219 ante
278 4117 493 4216 dimidium
535 4114 758 4220 saeculum,
795 4134 838 4196 et
873 4102 1014 4195 Lut'tae
1046 4111 1216 4221 quidun
1235 4124 1481 4215 maltam

157 4245 432 4353 lllatcgrauio,
469 4242 554 4342 led,
563 4243 731 4341 breuiter
761 4258 803 4323 et
837 4238 1020 4343 obstrue,
1036 4246 1314 4341 ,mentorum
1340 4250 1480 4347 15th

154 4372 232 4463 else
252 4374 476 4477 affimat,
509 4370 679 4475 Leonis
687 4390 755 4455 ct
764 4369 840 4457 urst
874 4352 1011 4499 uariari
1055 4368 1367 4483 allumpcro
1394 4412 1479 4470 na·

156 4506 244 4596 nati
269 4484 415 4591 tuma
436 4500 819 4615 dmiarduimis
850 4490 1117 4633 omittere
1151 4526 1176 4587 ι
1226 4449 1480 4624 ormnem,

170 4661 276 4737 ·l
814 4628 846 4717 d
1284 4648 1472 4739 '‘Ull!
