4475 5900
642 573 647 580 ,
783 468 877 579 sot
1100 459 1184 561 nr
1213 463 1434 568 armus
1464 423 1739 568 oannis.

782 699 943 814 pollices
972 696 1067 810 alta,
1094 698 1213 816 sesqui
1242 703 1400 818 pollices
1428 699 1542 787 crassa
1573 701 1651 811 est,
1681 697 1855 788 muscinis
1880 707 2019 793 caudae
2034 703 2100 790 tea¹

777 829 848 916 luti
880 853 953 940 pet
983 823 1234 941 Gom'phono
1262 831 1434 918 inseritur
1463 831 1524 916 seu
1553 831 1730 916 canalem
1760 835 2040 945 triangularem.

898 952 1057 1042 Caudae
1092 963 1207 1072 pinna
1223 961 1354 1047 leuiter
1385 959 1568 1070 sorcipata
1599 959 1683 1068 est,
1710 983 1771 1047 ac
1802 965 1924 1048 ambo
1963 987 2098 1052 comm

780 1085 950 1170 ciusdem
984 1088 1286 1198 magnitudinis,
1318 1089 1424 1174 aliter
1455 1113 1500 1172 ac
1533 1089 1572 1170 in
1604 1088 1766 1200 piscibus
1797 1094 1953 1177 marinis
1987 1116 2099 1202 gran

780 1213 972 1321 dioribus,
984 1231 1041 1306 ¹ut
1055 1208 1185 1300 Galeis
1201 1235 1240 1300 et
1255 1217 1457 1325 similibus,
1472 1216 1512 1300 iu
1530 1241 1710 1326 quocum
1729 1215 1890 1306 Balaena
1907 1225 2098 1332 conuenit,

777 1339 884 1426 itaet
900 1343 1040 1426 caudae
1057 1345 1200 1454 pinnae
1218 1363 1268 1432 vt
1284 1346 1327 1431 in
1345 1344 1545 1430 Phocaena
1563 1362 1603 1428 et
1618 1339 1788 1432 Baleaoa
1804 1348 2000 1460 bretibus,
2027 1374 2099 1438 nou

776 1486 825 1552 rt
853 1472 894 1550 in
926 1470 1112 1582 plerisque
1143 1470 1324 1583 piscibus,
1356 1469 1465 1558 dorso
1481 1471 1658 1582 parallelo
1687 1475 1842 1587 exiliit,
1873 1499 1984 1563 motu
2019 1506 2098 1567 cau

778 1595 853 1682 dae
884 1596 1065 1707 placido,
1102 1598 1225 1684 sersus
1261 1604 1376 1688 latera
1427 1597 1573 1712 placide
1605 1603 1818 1695 antrorsunt
1843 1627 1977 1714 natat,
2015 1633 2097 1694 rer·

779 1721 836 1808 sas
865 1723 1017 1810 dorsum
1050 1747 1091 1809 et
1121 1743 1300 1816 sennem
1332 1753 1466 1840 corpus
1494 1730 1806 1840 impetuoliffime
1845 1735 2034 1846 propellit
2064 1755 2099 1822 et

748 1849 1016 1939 'trahentium
1048 1855 1298 1944 inimicorum
1330 1857 1504 1942 manibus
1530 1854 1729 1944 subducere
1759 1882 1890 1946 tentat.

896 1976 1195 2068 curiosissimum
1226 1989 1404 2073 omnium
1438 1987 1479 2069 iu
1511 2010 1591 2098 quo
1620 1989 1764 2074 animal
1795 1991 1872 2076 hoc'
1901 1992 1951 2077 ab
1976 1997 2100 2080 omni·

777 2094 849 2191 bus
878 2127 960 2193 tam
994 2099 1221 2196 terrestribus
1249 2137 1365 2224 quaro
1405 2112 1579 2197 marimis
1618 2116 1824 2230 amphibiis
1859 2141 1901 2204 et
1928 2125 2100 2212 animali·

777 2233 847 2319 bus
876 2235 1095 2347 discrepat,
1127 2238 1280 2324 brachia
1308 2239 1388 2325 saut
1418 2237 1524 2326 least
1571 2246 1700 2329 mauis
1729 2247 1843 2357 pedes
1871 2254 2102 2369 anteriores,-

771 2361 930 2472 scapttlis
959 2365 1097 2451 scilicet
1132 2365 1258 2452 statim
1290 2393 1314 2453 a
1344 2366 1449 2454 collo
1496 2367 1572 2454 dcto
1604 2371 1757 2460 brachia
1792 2377 1996 2489 iunguntur
2031 2387 2099 2482 263

775 2490 873 2602 poll.
905 2491 1048 2605 longa,
1080 2495 1177 2580 binis
1216 2493 1534 2584 articulatiouibus
1580 2499 1818 2612 constantia,
1867 2504 2032 2617 superius
2060 2535 2100 2602 os

775 2615 1052 2708 hamericum
1083 2622 1241 2734 scapulis
1267 2645 1339 2736 per
1370 2623 1606 2712 arthrodiam
1637 2633 1860 2720 articulatur.

893 2741 997 2832 Cum
1028 2749 1119 2835 ulna
1152 2767 1192 2835 et
1222 2752 1334 2836 radio
1362 2751 1454 2838 ficut
1484 2754 1524 2838 in
1555 2754 1743 2848 homae:
1777 2762 1869 2850 vlu'a
1906 2785 1947 2852 et
1988 2767 2099 2855 radius

774 2871 1048 2989 praeficiuntui
1074 2901 1167 2965 curn
1200 2881 1402 2967 mercurio
1432 2899 1472 2966 ct
1505 2879 1628 2991 tarso,
1660 2887 1866 3001 digitorum
1897 2915 1964 2983 aut
2004 2899 2098 2987 nulla

774 3003 933 3114 relligia
965 3008 1093 3092 adsunt
1142 3033 1261 3121 aeque
1293 3036 1339 3097 ac
1370 3010 1557 3122 ungarium
1598 3032 1639 3100 et
1666 3018 1921 3133 angariarum,
1962 3050 2095 3113 ueram

773 3130 890 3218 tarsis
917 3150 959 3217 et
990 3138 1208 3221 meratarsus
1244 3135 1359 3225 solida
1407 3139 1664 3251 pinguedine,
1711 3148 1844 3237 mtdtis
1890 3156 2099 3241 teodiuibm

773 3274 818 3342 et
845 3256 1054 3366 ligamentis
1082 3282 1170 3349 cute
1200 3286 1246 3349 ac
1275 3268 1435 3353 cuticula
1468 3269 1521 3357 ita
1558 3269 1808 3385 ambiantur,
1845 3298 1893 3365 vt
1921 3299 2097 3395 amputa-

772 3398 858 3467 tum
892 3386 1115 3475 membrum
1148 3390 1362 3482 humanum
1396 3420 1487 3483 curn
1515 3414 1601 3482 cute
1633 3399 1846 3491 obdudum
1866 3438 1891 3503 z,
1910 3426 1991 3495 tam
2028 3436 2094 3497 re

771 3532 820 3595 n)
848 3511 969 3620 cutis,
1005 3540 1122 3627 quam
1169 3524 1369 3634 praecipue
1415 3522 1577 3613 eonem
1615 3528 1669 3615 ibi
1700 3530 1868 3621 multum
1918 3538 2094 3651 cmffior,

771 3637 903 3723 (latim
934 3664 980 3725 ac
1010 3644 1171 3759 siccior,
1217 3649 1386 3764 adeoque
1421 3650 1576 3741 brachia
1623 3672 1796 3748 exntma
1847 3662 1975 3753 chelas
2022 3694 2091 3781 pn·

769 3766 843 3850 tius
870 3782 935 3848 aut
966 3772 1151 3883 ungulam
1180 3777 1407 3866 caballinam
1440 3778 1592 3868 obscure
1622 3784 1815 3901 raserunt,
1843 3816 1984 3882 renim
2023 3823 2091 3884 vn

736 3892 858 4008 gula
888 3894 1071 3985 caballina
1096 3904 1241 3989 acutior
1270 3924 1310 3991 et
1339 3910 1462 4021 mags
1506 3912 1719 4001 acuminata
1774 3920 1942 4037 meopte
1993 3925 2092 4015 fodi-

770 4022 875 4106 endo
905 4028 1032 4134 aptior
1061 4030 1149 4140 ess,
1183 4030 1311 4145 supine
1339 4034 1471 4125 chelae
1517 4036 1591 4125 hae
1638 4042 1787 4154 glabrae
1818 4069 1858 4136 et
1893 4078 2091 4146 connexae

767 4146 881 4259 fiant,
913 4150 1068 4243 inferius
1096 4160 1260 4271 planae,
1290 4168 1583 4279 quodammodo
1612 4192 1815 4262 excasatae
1845 4204 1889 4263 ac
1916 4185 2091 4273 innumo-

763 4278 1061 4527 p'stpgppliffime
1088 4291 1222 4411 politis
1258 4294 1344 4387 satis
1374 4302 1392 4399 ί
1423 4296 1581 4389 inciam
1617 4298 1741 4419 tmgis
1788 4306 1908 4397 reluti
1956 4317 2091 4429 scopae
2116 4298 2139 4341 ⁶

2002 4572 2090 4667 Vidi
