<?xml version="1.0" encoding="UTF-8"?>
<!DOCTYPE html PUBLIC "-//W3C//DTD XHTML 1.0 Transitional//EN"
    "http://www.w3.org/TR/xhtml1/DTD/xhtml1-transitional.dtd">
<html xmlns="http://www.w3.org/1999/xhtml" xml:lang="en" lang="en">
 <head>
  <title>
</title>
<meta http-equiv="Content-Type" content="text/html;charset=utf-8" />
  <meta name='ocr-system' content='tesseract 3.04.00' />
  <meta name='ocr-capabilities' content='ocr_page ocr_carea ocr_par ocr_line ocrx_word'/>
</head>
<body>
  <div class='ocr_page' id='page_1' title='image "./novicommentarii12sssrgoog/novicommentarii12sssrgoog_0311.png"; bbox 0 0 4475 5900; ppageno 0'>
   <div class='ocr_carea' id='block_1_1' title="bbox 144 368 1467 554">
    <p class='ocr_par' dir='ltr' id='par_1_1' title="bbox 144 368 1467 554">
     <span class='ocr_line' id='line_1_1' title="bbox 144 368 1467 554; baseline 0.019 -24"><span class='ocrx_word' id='word_1_1' title='bbox 144 368 493 536; x_wconf 67' lang='lat' dir='ltr'>musetum</span> <span class='ocrx_word' id='word_1_2' title='bbox 509 432 1345 539; x_wconf 72' lang='lat' dir='ltr'>rucrouumrrruuuurvuru.</span> <span class='ocrx_word' id='word_1_3' title='bbox 1375 463 1467 554; x_wconf 63' lang='grc' dir='ltr'>ιιι.</span> 
     </span>
    </p>
   </div>
   <div class='ocr_carea' id='block_1_2' title="bbox 122 670 1686 4521">
    <p class='ocr_par' dir='ltr' id='par_1_2' title="bbox 122 670 1686 4521">
     <span class='ocr_line' id='line_1_2' title="bbox 147 670 1477 820; baseline 0.007 -63"><span class='ocrx_word' id='word_1_4' title='bbox 147 670 315 820; x_wconf 71' lang='lat' dir='ltr'>respesiu</span> <span class='ocrx_word' id='word_1_5' title='bbox 363 690 469 762; x_wconf 84' lang='lat' dir='ltr'>ortus</span> <span class='ocrx_word' id='word_1_6' title='bbox 507 670 646 788; x_wconf 89' lang='lat' dir='ltr'>huius,</span> <span class='ocrx_word' id='word_1_7' title='bbox 685 673 735 763; x_wconf 87' lang='lat' dir='ltr'>ad</span> <span class='ocrx_word' id='word_1_8' title='bbox 774 674 957 788; x_wconf 81' lang='lat' dir='ltr'><strong>angulum</strong></span> <span class='ocrx_word' id='word_1_9' title='bbox 988 690 1175 776; x_wconf 82' lang='lat' dir='ltr'>acutum</span> <span class='ocrx_word' id='word_1_10' title='bbox 1206 671 1312 761; x_wconf 87' lang='lat' dir='ltr'>libris</span> <span class='ocrx_word' id='word_1_11' title='bbox 1342 677 1477 765; x_wconf 88' lang='lat' dir='ltr'>teudi-</span> 
     </span>
     <span class='ocr_line' id='line_1_3' title="bbox 146 801 1473 916; baseline 0.006 -32"><span class='ocrx_word' id='word_1_12' title='bbox 146 805 229 887; x_wconf 87' lang='lat' dir='ltr'>neis</span> <span class='ocrx_word' id='word_1_13' title='bbox 259 803 450 916; x_wconf 80' lang='lat' dir='ltr'>utriusque</span> <span class='ocrx_word' id='word_1_14' title='bbox 481 805 641 892; x_wconf 91' lang='lat' dir='ltr'>musculi</span> <span class='ocrx_word' id='word_1_15' title='bbox 673 805 750 893; x_wconf 91' lang='lat' dir='ltr'>boc</span> <span class='ocrx_word' id='word_1_16' title='bbox 781 804 873 890; x_wconf 88' lang='lat' dir='ltr'>loco</span> <span class='ocrx_word' id='word_1_17' title='bbox 901 804 1067 892; x_wconf 88' lang='lat' dir='ltr'>firmiter</span> <span class='ocrx_word' id='word_1_18' title='bbox 1097 807 1300 890; x_wconf 78' lang='lat' dir='ltr'><strong>concretis.</strong></span> <span class='ocrx_word' id='word_1_19' title='bbox 1357 801 1473 916; x_wconf 90' lang='lat' dir='ltr'>Spar·</span> 
     </span>
     <span class='ocr_line' id='line_1_4' title="bbox 144 931 1477 1046; baseline 0.005 -32"><span class='ocrx_word' id='word_1_20' title='bbox 144 931 256 1042; x_wconf 83' lang='lat' dir='ltr'>gebat</span> <span class='ocrx_word' id='word_1_21' title='bbox 288 953 417 1018; x_wconf 86' lang='lat' dir='ltr'>autem</span> <span class='ocrx_word' id='word_1_22' title='bbox 449 933 512 1018; x_wconf 88' lang='lat' dir='ltr'>hic</span> <span class='ocrx_word' id='word_1_23' title='bbox 543 937 662 1022; x_wconf 89' lang='lat' dir='ltr'>teudo</span> <span class='ocrx_word' id='word_1_24' title='bbox 689 937 737 1022; x_wconf 89' lang='lat' dir='ltr'>ad</span> <span class='ocrx_word' id='word_1_25' title='bbox 777 933 880 1021; x_wconf 89' lang='lat' dir='ltr'>suam</span> <span class='ocrx_word' id='word_1_26' title='bbox 919 933 1166 1020; x_wconf 82' lang='lat' dir='ltr'>insertionem</span> <span class='ocrx_word' id='word_1_27' title='bbox 1209 933 1360 1046; x_wconf 81' lang='lat' dir='ltr'>oblique</span> <span class='ocrx_word' id='word_1_28' title='bbox 1399 934 1477 1020; x_wconf 91' lang='lat' dir='ltr'>sur·</span> 
     </span>
     <span class='ocr_line' id='line_1_5' title="bbox 142 1059 1473 1173; baseline 0.005 -31"><span class='ocrx_word' id='word_1_29' title='bbox 142 1060 225 1147; x_wconf 92' lang='lat' dir='ltr'>sum</span> <span class='ocrx_word' id='word_1_30' title='bbox 260 1080 371 1173; x_wconf 90' lang='lat' dir='ltr'>atque</span> <span class='ocrx_word' id='word_1_31' title='bbox 400 1059 645 1173; x_wconf 87' lang='lat' dir='ltr'>extrorsum,</span> <span class='ocrx_word' id='word_1_32' title='bbox 674 1061 750 1148; x_wconf 88' lang='lat' dir='ltr'>srue</span> <span class='ocrx_word' id='word_1_33' title='bbox 781 1062 1052 1172; x_wconf 69' lang='lat' dir='ltr'>dextrorsum,</span> <span class='ocrx_word' id='word_1_34' title='bbox 1080 1063 1266 1173; x_wconf 85' lang='lat' dir='ltr'>quosdam</span> <span class='ocrx_word' id='word_1_35' title='bbox 1292 1065 1473 1150; x_wconf 76' lang='lat' dir='ltr'>fericulus</span> 
     </span>
     <span class='ocr_line' id='line_1_6' title="bbox 142 1189 1471 1302; baseline 0.003 -29"><span class='ocrx_word' id='word_1_36' title='bbox 142 1191 412 1295; x_wconf 88' lang='lat' dir='ltr'>tendineos,</span> <span class='ocrx_word' id='word_1_37' title='bbox 399 1211 541 1276; x_wconf 81' lang='lat' dir='ltr'>uterum</span> <span class='ocrx_word' id='word_1_38' title='bbox 571 1216 621 1274; x_wconf 88' lang='lat' dir='ltr'>ex</span> <span class='ocrx_word' id='word_1_39' title='bbox 650 1190 757 1278; x_wconf 89' lang='lat' dir='ltr'>fibris</span> <span class='ocrx_word' id='word_1_40' title='bbox 785 1191 969 1278; x_wconf 76' lang='lat' dir='ltr'>dstinuis</span> <span class='ocrx_word' id='word_1_41' title='bbox 1003 1191 1242 1299; x_wconf 81' lang='lat' dir='ltr'>constantes,</span> <span class='ocrx_word' id='word_1_42' title='bbox 1286 1191 1349 1302; x_wconf 94' lang='lat' dir='ltr'>qui</span> <span class='ocrx_word' id='word_1_43' title='bbox 1391 1189 1471 1277; x_wconf 90' lang='lat' dir='ltr'>sen-</span> 
     </span>
     <span class='ocr_line' id='line_1_7' title="bbox 139 1317 1476 1432; baseline 0.001 -29"><span class='ocrx_word' id='word_1_44' title='bbox 139 1320 209 1403; x_wconf 91' lang='lat' dir='ltr'>srm</span> <span class='ocrx_word' id='word_1_45' title='bbox 240 1317 458 1428; x_wconf 80' lang='lat' dir='ltr'>graciliores</span> <span class='ocrx_word' id='word_1_46' title='bbox 489 1317 576 1403; x_wconf 75' lang='lat' dir='ltr'>salii</span> <span class='ocrx_word' id='word_1_47' title='bbox 612 1319 793 1432; x_wconf 75' lang='lat' dir='ltr'>pollicere</span> <span class='ocrx_word' id='word_1_48' title='bbox 811 1321 973 1430; x_wconf 86' lang='lat' dir='ltr'>spatium</span> <span class='ocrx_word' id='word_1_49' title='bbox 1005 1321 1154 1404; x_wconf 81' lang='lat' dir='ltr'>circiter</span> <span class='ocrx_word' id='word_1_50' title='bbox 1184 1321 1354 1428; x_wconf 82' lang='lat' dir='ltr'>emensi,</span> <span class='ocrx_word' id='word_1_51' title='bbox 1388 1338 1476 1404; x_wconf 84' lang='lat' dir='ltr'>teu·</span> 
     </span>
     <span class='ocr_line' id='line_1_8' title="bbox 139 1444 1475 1556; baseline 0.001 -26"><span class='ocrx_word' id='word_1_52' title='bbox 139 1447 220 1530; x_wconf 90' lang='lat' dir='ltr'>dini</span> <span class='ocrx_word' id='word_1_53' title='bbox 253 1445 409 1529; x_wconf 91' lang='lat' dir='ltr'>musculi</span> <span class='ocrx_word' id='word_1_54' title='bbox 438 1445 559 1530; x_wconf 86' lang='lat' dir='ltr'>sterno</span> <span class='ocrx_word' id='word_1_55' title='bbox 577 1495 595 1512; x_wconf 92' lang='lat'>-</span> <span class='ocrx_word' id='word_1_56' title='bbox 612 1449 845 1556; x_wconf 89' lang='lat' dir='ltr'>mastoidei,</span> <span class='ocrx_word' id='word_1_57' title='bbox 876 1450 944 1533; x_wconf 85' lang='lat' dir='ltr'>vbi</span> <span class='ocrx_word' id='word_1_58' title='bbox 983 1447 1048 1531; x_wconf 89' lang='lat' dir='ltr'>ille</span> <span class='ocrx_word' id='word_1_59' title='bbox 1078 1450 1188 1554; x_wconf 84' lang='lat' dir='ltr'>supra</span> <span class='ocrx_word' id='word_1_60' title='bbox 1220 1471 1376 1532; x_wconf 88' lang='lat' dir='ltr'>caruem</span> <span class='ocrx_word' id='word_1_61' title='bbox 1417 1444 1475 1532; x_wconf 90' lang='lat' dir='ltr'>su-</span> 
     </span>
     <span class='ocr_line' id='line_1_9' title="bbox 138 1573 1577 1688; baseline 0.003 -30"><span class='ocrx_word' id='word_1_62' title='bbox 138 1601 204 1658; x_wconf 92' lang='lat' dir='ltr'>am</span> <span class='ocrx_word' id='word_1_63' title='bbox 237 1574 480 1681; x_wconf 74' lang='lat' dir='ltr'>decurrebat,</span> <span class='ocrx_word' id='word_1_64' title='bbox 504 1573 769 1686; x_wconf 88' lang='lat' dir='ltr'>inserebantur,</span> <span class='ocrx_word' id='word_1_65' title='bbox 801 1573 866 1662; x_wconf 81' lang='lat' dir='ltr'>uel</span> <span class='ocrx_word' id='word_1_66' title='bbox 880 1578 1012 1688; x_wconf 83' lang='lat' dir='ltr'>potius</span> <span class='ocrx_word' id='word_1_67' title='bbox 1038 1578 1080 1659; x_wconf 93' lang='lat' dir='ltr'>iu</span> <span class='ocrx_word' id='word_1_68' title='bbox 1096 1573 1277 1657; x_wconf 82' lang='lat' dir='ltr'>eundem</span> <span class='ocrx_word' id='word_1_69' title='bbox 1296 1573 1477 1658; x_wconf 81' lang='lat' dir='ltr'>abeuntes</span> <span class='ocrx_word' id='word_1_70' title='bbox 1574 1657 1577 1662; x_wconf 84' lang='lat'>.</span> 
     </span>
     <span class='ocr_line' id='line_1_10' title="bbox 138 1695 1672 1818; baseline -0.011 -10"><span class='ocrx_word' id='word_1_71' title='bbox 138 1695 375 1818; x_wconf 85' lang='lat' dir='ltr'>disparebant</span> <span class='ocrx_word' id='word_1_72' title='bbox 405 1703 489 1808; x_wconf 80' lang='lat'>(57</span> <span class='ocrx_word' id='word_1_73' title='bbox 505 1702 535 1818; x_wconf 77' lang='lat' dir='ltr'>l·</span> <span class='ocrx_word' id='word_1_74' title='bbox 1052 1753 1055 1760; x_wconf 93' lang='lat'>·</span> <span class='ocrx_word' id='word_1_75' title='bbox 1493 1727 1558 1805; x_wconf 80' lang='grc' dir='ltr'>(ςι)</span> <span class='ocrx_word' id='word_1_76' title='bbox 1572 1725 1672 1794; x_wconf 67' lang='lat' dir='ltr'>uuir</span> 
     </span>
     <span class='ocr_line' id='line_1_11' title="bbox 254 1827 1522 1934; baseline 0 -19"><span class='ocrx_word' id='word_1_77' title='bbox 254 1831 376 1918; x_wconf 81' lang='lat' dir='ltr'>Latus</span> <span class='ocrx_word' id='word_1_78' title='bbox 410 1850 546 1916; x_wconf 88' lang='lat' dir='ltr'>autem</span> <span class='ocrx_word' id='word_1_79' title='bbox 577 1832 751 1917; x_wconf 87' lang='lat' dir='ltr'>eiusdem</span> <span class='ocrx_word' id='word_1_80' title='bbox 781 1830 950 1915; x_wconf 86' lang='lat' dir='ltr'>tendiuis</span> <span class='ocrx_word' id='word_1_81' title='bbox 980 1827 1169 1934; x_wconf 89' lang='lat' dir='ltr'>interius,</span> <span class='ocrx_word' id='word_1_82' title='bbox 1200 1827 1270 1911; x_wconf 83' lang='lat' dir='ltr'>vbi</span> <span class='ocrx_word' id='word_1_83' title='bbox 1300 1828 1349 1913; x_wconf 82' lang='lat' dir='ltr'>ad</span> <span class='ocrx_word' id='word_1_84' title='bbox 1388 1830 1482 1915; x_wconf 84' lang='lat' dir='ltr'>sier·-</span> <span class='ocrx_word' id='word_1_85' title='bbox 1516 1872 1522 1884; x_wconf 93' lang='lat'><strong>·</strong></span> 
     </span>
     <span class='ocr_line' id='line_1_12' title="bbox 136 1957 1477 2066; baseline 0.001 -24"><span class='ocrx_word' id='word_1_86' title='bbox 136 1961 433 2048; x_wconf 85' lang='lat' dir='ltr'>no-mastoidei</span> <span class='ocrx_word' id='word_1_87' title='bbox 471 1961 624 2044; x_wconf 90' lang='lat' dir='ltr'>initium</span> <span class='ocrx_word' id='word_1_88' title='bbox 654 1960 856 2045; x_wconf 84' lang='lat' dir='ltr'>accedebat</span> <span class='ocrx_word' id='word_1_89' title='bbox 904 1975 945 2042; x_wconf 90' lang='lat' dir='ltr'>et</span> <span class='ocrx_word' id='word_1_90' title='bbox 975 1983 1067 2042; x_wconf 91' lang='lat' dir='ltr'>cum</span> <span class='ocrx_word' id='word_1_91' title='bbox 1098 1980 1150 2037; x_wconf 90' lang='lat' dir='ltr'>eo</span> <span class='ocrx_word' id='word_1_92' title='bbox 1180 1957 1477 2066; x_wconf 88' lang='lat' dir='ltr'>concrescebat,</span> 
     </span>
     <span class='ocr_line' id='line_1_13' title="bbox 134 2081 1686 2200; baseline -0.006 -30"><span class='ocrx_word' id='word_1_93' title='bbox 134 2088 326 2174; x_wconf 87' lang='lat' dir='ltr'>reflexum</span> <span class='ocrx_word' id='word_1_94' title='bbox 358 2090 400 2176; x_wconf 90' lang='lat' dir='ltr'>in</span> <span class='ocrx_word' id='word_1_95' title='bbox 427 2113 560 2173; x_wconf 85' lang='lat' dir='ltr'>arcum</span> <span class='ocrx_word' id='word_1_96' title='bbox 590 2085 741 2200; x_wconf 80' lang='lat'>(58),</span> <span class='ocrx_word' id='word_1_97' title='bbox 776 2107 888 2197; x_wconf 89' lang='lat' dir='ltr'>atque</span> <span class='ocrx_word' id='word_1_98' title='bbox 919 2085 1053 2168; x_wconf 89' lang='lat' dir='ltr'>deinde</span> <span class='ocrx_word' id='word_1_99' title='bbox 1077 2081 1235 2194; x_wconf 92' lang='lat' dir='ltr'>oblique</span> <span class='ocrx_word' id='word_1_100' title='bbox 1266 2085 1439 2170; x_wconf 89' lang='lat' dir='ltr'>deorsum</span> <span class='ocrx_word' id='word_1_101' title='bbox 1463 2083 1551 2194; x_wconf 72' lang='grc'>,(58)</span> <span class='ocrx_word' id='word_1_102' title='bbox 1567 2085 1635 2152; x_wconf 80' lang='lat' dir='ltr'>lbid·</span> <span class='ocrx_word' id='word_1_103' title='bbox 1652 2088 1686 2154; x_wconf 75' lang='lat' dir='ltr'>u</span> 
     </span>
     <span class='ocr_line' id='line_1_14' title="bbox 133 2209 1473 2328; baseline 0 -31"><span class='ocrx_word' id='word_1_104' title='bbox 133 2216 376 2302; x_wconf 85' lang='lat' dir='ltr'>euanescebut</span> <span class='ocrx_word' id='word_1_105' title='bbox 422 2217 472 2303; x_wconf 88' lang='lat' dir='ltr'>ad</span> <span class='ocrx_word' id='word_1_106' title='bbox 505 2217 742 2328; x_wconf 89' lang='lat' dir='ltr'>principium</span> <span class='ocrx_word' id='word_1_107' title='bbox 801 2214 1027 2299; x_wconf 84' lang='lat' dir='ltr'>reudiueum</span> <span class='ocrx_word' id='word_1_108' title='bbox 1085 2209 1473 2323; x_wconf 87' lang='lat' dir='ltr'>sterno-masloidei,</span> 
     </span>
     <span class='ocr_line' id='line_1_15' title="bbox 131 2335 1681 2460; baseline -0.003 -35"><span class='ocrx_word' id='word_1_109' title='bbox 131 2345 237 2453; x_wconf 89' lang='lat' dir='ltr'>quod</span> <span class='ocrx_word' id='word_1_110' title='bbox 268 2345 346 2430; x_wconf 90' lang='lat' dir='ltr'>hoc</span> <span class='ocrx_word' id='word_1_111' title='bbox 377 2347 471 2460; x_wconf 92' lang='lat' dir='ltr'>loco</span> <span class='ocrx_word' id='word_1_112' title='bbox 500 2345 710 2457; x_wconf 84' lang='lat' dir='ltr'>peculiare,</span> <span class='ocrx_word' id='word_1_113' title='bbox 728 2337 771 2424; x_wconf 85' lang='lat' dir='ltr'>in</span> <span class='ocrx_word' id='word_1_114' title='bbox 800 2340 968 2426; x_wconf 84' lang='lat' dir='ltr'>lundam</span> <span class='ocrx_word' id='word_1_115' title='bbox 990 2335 1195 2438; x_wconf 85' lang='lat' dir='ltr'>exscilsum</span> <span class='ocrx_word' id='word_1_116' title='bbox 1230 2335 1287 2451; x_wconf 79' lang='grc'>(5</span> <span class='ocrx_word' id='word_1_117' title='bbox 1295 2338 1351 2456; x_wconf 85' lang='grc'>9)</span> <span class='ocrx_word' id='word_1_118' title='bbox 1382 2369 1465 2427; x_wconf 88' lang='lat' dir='ltr'>cor·</span> <span class='ocrx_word' id='word_1_119' title='bbox 1482 2353 1628 2440; x_wconf 71' lang='lat' dir='ltr'>(saltere.</span> <span class='ocrx_word' id='word_1_120' title='bbox 1644 2379 1681 2446; x_wconf 67' lang='lat' dir='ltr'>m</span> 
     </span>
     <span class='ocr_line' id='line_1_16' title="bbox 131 2465 1470 2584; baseline -0.001 -30"><span class='ocrx_word' id='word_1_121' title='bbox 131 2497 208 2557; x_wconf 85' lang='lat' dir='ltr'>oua</span> <span class='ocrx_word' id='word_1_122' title='bbox 241 2471 300 2560; x_wconf 77' lang='lat' dir='ltr'>suu</span> <span class='ocrx_word' id='word_1_123' title='bbox 340 2471 554 2584; x_wconf 84' lang='lat' dir='ltr'>lougiffime</span> <span class='ocrx_word' id='word_1_124' title='bbox 591 2470 825 2556; x_wconf 86' lang='lat' dir='ltr'>extendebat</span> <span class='ocrx_word' id='word_1_125' title='bbox 855 2465 990 2552; x_wconf 78' lang='lat' dir='ltr'>sensim</span> <span class='ocrx_word' id='word_1_126' title='bbox 1020 2482 1228 2547; x_wconf 83' lang='lat' dir='ltr'>extenuata</span> <span class='ocrx_word' id='word_1_127' title='bbox 1247 2493 1470 2580; x_wconf 91' lang='lat' dir='ltr'>,quorum</span> 
     </span>
     <span class='ocr_line' id='line_1_17' title="bbox 127 2591 1683 2713; baseline -0.002 -29"><span class='ocrx_word' id='word_1_128' title='bbox 127 2599 335 2712; x_wconf 81' lang='lat' dir='ltr'>superius</span> <span class='ocrx_word' id='word_1_129' title='bbox 325 2628 365 2686; x_wconf 88' lang='lat' dir='ltr'>ru</span> <span class='ocrx_word' id='word_1_130' title='bbox 395 2603 512 2686; x_wconf 85' lang='lat' dir='ltr'>fibras</span> <span class='ocrx_word' id='word_1_131' title='bbox 540 2598 707 2712; x_wconf 91' lang='lat' dir='ltr'>sparsum</span> <span class='ocrx_word' id='word_1_132' title='bbox 737 2592 846 2713; x_wconf 78' lang='grc' dir='ltr'>(σο)</span> <span class='ocrx_word' id='word_1_133' title='bbox 881 2595 1049 2701; x_wconf 82' lang='lat' dir='ltr'>breuius,</span> <span class='ocrx_word' id='word_1_134' title='bbox 1066 2593 1218 2676; x_wconf 86' lang='lat' dir='ltr'>iuferius</span> <span class='ocrx_word' id='word_1_135' title='bbox 1265 2591 1553 2682; x_wconf 80' lang='lat' dir='ltr'>solitarium&lt;&gt;</span> <span class='ocrx_word' id='word_1_136' title='bbox 1484 2591 1553 2666; x_wconf 91' lang='grc'><strong>6(6)</strong></span> <span class='ocrx_word' id='word_1_137' title='bbox 1569 2592 1638 2659; x_wconf 75' lang='grc'><strong>666·</strong></span> <span class='ocrx_word' id='word_1_138' title='bbox 1652 2611 1683 2659; x_wconf 75' lang='lat'>⁸³</span> 
     </span>
     <span class='ocr_line' id='line_1_18' title="bbox 128 2722 1685 2846; baseline 0.001 -33"><span class='ocrx_word' id='word_1_139' title='bbox 128 2748 170 2813; x_wconf 89' lang='lat' dir='ltr'>et</span> <span class='ocrx_word' id='word_1_140' title='bbox 204 2730 355 2842; x_wconf 85' lang='lat' dir='ltr'>lougius</span> <span class='ocrx_word' id='word_1_141' title='bbox 385 2725 495 2846; x_wconf 75' lang='grc' dir='ltr'>(σι)</span> <span class='ocrx_word' id='word_1_142' title='bbox 521 2728 641 2815; x_wconf 83' lang='lat' dir='ltr'>latere</span> <span class='ocrx_word' id='word_1_143' title='bbox 667 2727 739 2814; x_wconf 91' lang='lat' dir='ltr'>suo</span> <span class='ocrx_word' id='word_1_144' title='bbox 773 2729 934 2812; x_wconf 88' lang='lat' dir='ltr'>interno</span> <span class='ocrx_word' id='word_1_145' title='bbox 978 2722 1090 2807; x_wconf 86' lang='lat' dir='ltr'>sterni</span> <span class='ocrx_word' id='word_1_146' title='bbox 1122 2722 1260 2834; x_wconf 63' lang='lat' dir='ltr'>partit</span> <span class='ocrx_word' id='word_1_147' title='bbox 1294 2751 1366 2836; x_wconf 87' lang='lat' dir='ltr'>qua</span> <span class='ocrx_word' id='word_1_148' title='bbox 1398 2725 1546 2816; x_wconf 69' lang='lat' dir='ltr'>hoctor</span> <span class='ocrx_word' id='word_1_149' title='bbox 1565 2736 1636 2809; x_wconf 76' lang='lat' dir='ltr'>lbii</span> <span class='ocrx_word' id='word_1_150' title='bbox 1650 2757 1685 2804; x_wconf 67' lang='grc' dir='ltr'>οι</span> 
     </span>
     <span class='ocr_line' id='line_1_19' title="bbox 127 2835 1475 2969; baseline -0.003 -28"><span class='ocrx_word' id='word_1_151' title='bbox 127 2874 323 2969; x_wconf 85' lang='lat' dir='ltr'>tangunt,</span> <span class='ocrx_word' id='word_1_152' title='bbox 350 2859 635 2965; x_wconf 70' lang='lat' dir='ltr'>annectuntur,</span> <span class='ocrx_word' id='word_1_153' title='bbox 662 2875 780 2969; x_wconf 89' lang='lat' dir='ltr'>atque</span> <span class='ocrx_word' id='word_1_154' title='bbox 804 2854 952 2940; x_wconf 88' lang='lat' dir='ltr'>deiude</span> <span class='ocrx_word' id='word_1_155' title='bbox 978 2867 1166 2935; x_wconf 87' lang='lat' dir='ltr'>extremo</span> <span class='ocrx_word' id='word_1_156' title='bbox 1189 2835 1270 2933; x_wconf 73' lang='lat' dir='ltr'>su⁰</span> <span class='ocrx_word' id='word_1_157' title='bbox 1302 2853 1378 2938; x_wconf 89' lang='lat' dir='ltr'>sub</span> <span class='ocrx_word' id='word_1_158' title='bbox 1405 2881 1475 2967; x_wconf 89' lang='lat' dir='ltr'>pe</span> 
     </span>
     <span class='ocr_line' id='line_1_20' title="bbox 126 2964 1359 3085; baseline -0.009 -11"><span class='ocrx_word' id='word_1_159' title='bbox 126 2988 282 3074; x_wconf 70' lang='lat' dir='ltr'>&amp;orasis</span> <span class='ocrx_word' id='word_1_160' title='bbox 310 2986 478 3075; x_wconf 85' lang='lat' dir='ltr'>sinistri</span> <span class='ocrx_word' id='word_1_161' title='bbox 467 2987 577 3075; x_wconf 89' lang='lat' dir='ltr'>mitia</span> <span class='ocrx_word' id='word_1_162' title='bbox 604 2983 679 3069; x_wconf 71' lang='lat' dir='ltr'>sese</span> <span class='ocrx_word' id='word_1_163' title='bbox 704 2983 1006 3085; x_wconf 83' lang='lat' dir='ltr'>abscondentia,</span> <span class='ocrx_word' id='word_1_164' title='bbox 1039 2978 1101 3062; x_wconf 84' lang='lat' dir='ltr'>illi</span> <span class='ocrx_word' id='word_1_165' title='bbox 1124 2964 1359 3063; x_wconf 68' lang='lat' dir='ltr'>inserueram</span> 
     </span>
     <span class='ocr_line' id='line_1_21' title="bbox 248 3100 1478 3222; baseline -0.007 -21"><span class='ocrx_word' id='word_1_166' title='bbox 248 3113 447 3202; x_wconf 79' lang='lat' dir='ltr'>Musculus</span> <span class='ocrx_word' id='word_1_167' title='bbox 492 3115 560 3200; x_wconf 89' lang='lat' dir='ltr'>hic</span> <span class='ocrx_word' id='word_1_168' title='bbox 587 3115 752 3222; x_wconf 85' lang='lat' dir='ltr'>maior,</span> <span class='ocrx_word' id='word_1_169' title='bbox 791 3110 875 3196; x_wconf 86' lang='lat' dir='ltr'>fiue</span> <span class='ocrx_word' id='word_1_170' title='bbox 917 3105 1113 3212; x_wconf 81' lang='lat' dir='ltr'>inferior,</span> <span class='ocrx_word' id='word_1_171' title='bbox 1159 3100 1308 3189; x_wconf 77' lang='lat' dir='ltr'>turtue</span> <span class='ocrx_word' id='word_1_172' title='bbox 1345 3102 1478 3193; x_wconf 72' lang='lat' dir='ltr'>versun</span> 
     </span>
     <span class='ocr_line' id='line_1_22' title="bbox 126 3228 1474 3359; baseline -0.014 -27"><span class='ocrx_word' id='word_1_173' title='bbox 126 3245 364 3359; x_wconf 88' lang='lat' dir='ltr'>principium</span> <span class='ocrx_word' id='word_1_174' title='bbox 408 3246 551 3345; x_wconf 81' lang='lat' dir='ltr'>sumn,</span> <span class='ocrx_word' id='word_1_175' title='bbox 587 3241 633 3326; x_wconf 89' lang='lat' dir='ltr'>id</span> <span class='ocrx_word' id='word_1_176' title='bbox 659 3240 750 3347; x_wconf 85' lang='lat' dir='ltr'>est,</span> <span class='ocrx_word' id='word_1_177' title='bbox 775 3236 993 3342; x_wconf 81' lang='lat' dir='ltr'>deorsum,</span> <span class='ocrx_word' id='word_1_178' title='bbox 1022 3228 1215 3316; x_wconf 82' lang='lat' dir='ltr'>mouebat:</span> <span class='ocrx_word' id='word_1_179' title='bbox 1259 3235 1474 3321; x_wconf 77' lang='lat' dir='ltr'>tendinemu</span> 
     </span>
     <span class='ocr_line' id='line_1_23' title="bbox 124 3360 1479 3461; baseline -0.008 0"><span class='ocrx_word' id='word_1_180' title='bbox 124 3373 287 3461; x_wconf 85' lang='lat' dir='ltr'>musculi</span> <span class='ocrx_word' id='word_1_181' title='bbox 317 3370 677 3458; x_wconf 81' lang='lat' dir='ltr'>sterno-mustoidei</span> <span class='ocrx_word' id='word_1_182' title='bbox 703 3364 889 3455; x_wconf 84' lang='lat' dir='ltr'>deorsum</span> <span class='ocrx_word' id='word_1_183' title='bbox 915 3380 966 3446; x_wconf 89' lang='lat' dir='ltr'>et</span> <span class='ocrx_word' id='word_1_184' title='bbox 986 3360 1130 3446; x_wconf 84' lang='lat' dir='ltr'>leuiter</span> <span class='ocrx_word' id='word_1_185' title='bbox 1151 3360 1374 3447; x_wconf 73' lang='lat' dir='ltr'>extrorsum</span> <span class='ocrx_word' id='word_1_186' title='bbox 1394 3362 1479 3451; x_wconf 59' lang='lat' dir='ltr'>hur</span> 
     </span>
     <span class='ocr_line' id='line_1_24' title="bbox 125 3486 1475 3611; baseline -0.009 -22"><span class='ocrx_word' id='word_1_187' title='bbox 125 3528 284 3590; x_wconf 89' lang='lat' dir='ltr'>merum</span> <span class='ocrx_word' id='word_1_188' title='bbox 329 3500 452 3587; x_wconf 79' lang='lat' dir='ltr'>uersus</span> <span class='ocrx_word' id='word_1_189' title='bbox 469 3562 490 3604; x_wconf 79' lang='grc'>,</span> <span class='ocrx_word' id='word_1_190' title='bbox 541 3517 661 3611; x_wconf 85' lang='lat' dir='ltr'>atque</span> <span class='ocrx_word' id='word_1_191' title='bbox 701 3522 762 3581; x_wconf 83' lang='lat' dir='ltr'>eo</span> <span class='ocrx_word' id='word_1_192' title='bbox 809 3510 945 3579; x_wconf 88' lang='lat' dir='ltr'>totum</span> <span class='ocrx_word' id='word_1_193' title='bbox 985 3490 1175 3575; x_wconf 81' lang='lat' dir='ltr'>tendebat</span> <span class='ocrx_word' id='word_1_194' title='bbox 1217 3486 1435 3577; x_wconf 88' lang='lat' dir='ltr'>musculum·</span> <span class='ocrx_word' id='word_1_195' title='bbox 1451 3556 1475 3603; x_wconf 88' lang='lat'>‚,</span> 
     </span>
     <span class='ocr_line' id='line_1_25' title="bbox 127 3615 1474 3738; baseline -0.012 -21"><span class='ocrx_word' id='word_1_196' title='bbox 127 3634 332 3738; x_wconf 81' lang='lat' dir='ltr'>mrxime,</span> <span class='ocrx_word' id='word_1_197' title='bbox 353 3625 515 3716; x_wconf 77' lang='lat' dir='ltr'>sifimus</span> <span class='ocrx_word' id='word_1_198' title='bbox 540 3645 680 3737; x_wconf 79' lang='lat' dir='ltr'>ageret</span> <span class='ocrx_word' id='word_1_199' title='bbox 699 3650 799 3709; x_wconf 84' lang='lat' dir='ltr'>cum</span> <span class='ocrx_word' id='word_1_200' title='bbox 825 3620 1015 3707; x_wconf 74' lang='lat' dir='ltr'>musculo.</span> <span class='ocrx_word' id='word_1_201' title='bbox 1024 3615 1207 3724; x_wconf 58' lang='lat' dir='ltr'>minuit,</span> <span class='ocrx_word' id='word_1_202' title='bbox 1199 3634 1323 3713; x_wconf 85' lang='lat' dir='ltr'>tum</span> <span class='ocrx_word' id='word_1_203' title='bbox 1349 3622 1474 3733; x_wconf 82' lang='lat' dir='ltr'>quip-</span> 
     </span>
     <span class='ocr_line' id='line_1_26' title="bbox 128 3750 1075 3873; baseline -0.016 -27"><span class='ocrx_word' id='word_1_204' title='bbox 128 3786 181 3872; x_wconf 89' lang='lat' dir='ltr'>pe</span> <span class='ocrx_word' id='word_1_205' title='bbox 211 3786 363 3873; x_wconf 85' lang='lat' dir='ltr'>parum</span> <span class='ocrx_word' id='word_1_206' title='bbox 387 3757 544 3871; x_wconf 85' lang='lat' dir='ltr'>plenius</span> <span class='ocrx_word' id='word_1_207' title='bbox 563 3781 662 3840; x_wconf 88' lang='lat' dir='ltr'>caro</span> <span class='ocrx_word' id='word_1_208' title='bbox 684 3751 772 3837; x_wconf 85' lang='lat' dir='ltr'>eius</span> <span class='ocrx_word' id='word_1_209' title='bbox 795 3750 1075 3865; x_wconf 80' lang='lat' dir='ltr'>explicabatur..</span> 
     </span>
     <span class='ocr_line' id='line_1_27' title="bbox 272 3870 1466 3999; baseline -0.009 -27"><span class='ocrx_word' id='word_1_210' title='bbox 272 3889 450 3999; x_wconf 84' lang='lat' dir='ltr'>Vterque</span> <span class='ocrx_word' id='word_1_211' title='bbox 473 3882 690 3990; x_wconf 67' lang='lat' dir='ltr'>musculus,¹</span> <span class='ocrx_word' id='word_1_212' title='bbox 712 3882 874 3967; x_wconf 71' lang='lat' dir='ltr'>traslus»</span> <span class='ocrx_word' id='word_1_213' title='bbox 903 3875 1136 3963; x_wconf 82' lang='lat' dir='ltr'>claui&#39;culurirt</span> <span class='ocrx_word' id='word_1_214' title='bbox 1160 3870 1322 3983; x_wconf 80' lang='lat' dir='ltr'>uersus,</span> <span class='ocrx_word' id='word_1_215' title='bbox 1371 3894 1466 3961; x_wconf 57' lang='lat' dir='ltr'>teu»</span> 
     </span>
     <span class='ocr_line' id='line_1_28' title="bbox 124 4004 1470 4127; baseline -0.011 -24"><span class='ocrx_word' id='word_1_216' title='bbox 124 4017 249 4103; x_wconf 88' lang='lat' dir='ltr'>debat</span> <span class='ocrx_word' id='word_1_217' title='bbox 288 4040 513 4102; x_wconf 88' lang='lat' dir='ltr'>commune</span> <span class='ocrx_word' id='word_1_218' title='bbox 545 4012 789 4127; x_wconf 85' lang='lat' dir='ltr'>principium</span> <span class='ocrx_word' id='word_1_219' title='bbox 832 4008 1097 4113; x_wconf 84' lang='lat' dir='ltr'>teudiueurm,</span> <span class='ocrx_word' id='word_1_220' title='bbox 1145 4004 1362 4112; x_wconf 70' lang='lat' dir='ltr'>mouebat,</span> <span class='ocrx_word' id='word_1_221' title='bbox 1403 4008 1470 4091; x_wconf 89' lang='lat' dir='ltr'>le</span> 
     </span>
     <span class='ocr_line' id='line_1_29' title="bbox 124 4131 1486 4252; baseline -0.015 -22"><span class='ocrx_word' id='word_1_222' title='bbox 124 4147 235 4233; x_wconf 80' lang='lat' dir='ltr'>niter·</span> <span class='ocrx_word' id='word_1_223' title='bbox 282 4145 541 4252; x_wconf 84' lang='lat' dir='ltr'>extollendo„</span> <span class='ocrx_word' id='word_1_224' title='bbox 591 4139 861 4249; x_wconf 62' lang='lat' dir='ltr'>cartilaginem]</span> <span class='ocrx_word' id='word_1_225' title='bbox 912 4136 1046 4219; x_wconf 83' lang='lat' dir='ltr'>costae:</span> <span class='ocrx_word' id='word_1_226' title='bbox 1093 4131 1290 4243; x_wconf 68' lang='lat' dir='ltr'>septimae:</span> <span class='ocrx_word' id='word_1_227' title='bbox 1339 4153 1486 4247; x_wconf 78' lang='lat' dir='ltr'>atque·</span> 
     </span>
     <span class='ocr_line' id='line_1_30' title="bbox 124 4262 1464 4382; baseline -0.008 -24"><span class='ocrx_word' id='word_1_228' title='bbox 124 4276 315 4362; x_wconf 87' lang='lat' dir='ltr'>tendebat</span> <span class='ocrx_word' id='word_1_229' title='bbox 360 4272 491 4356; x_wconf 82' lang='lat' dir='ltr'>finemt</span> <span class='ocrx_word' id='word_1_230' title='bbox 539 4266 823 4382; x_wconf 82' lang='lat' dir='ltr'>apoueuroseos</span> <span class='ocrx_word' id='word_1_231' title='bbox 863 4262 1027 4350; x_wconf 78' lang='lat' dir='ltr'>musculb</span> <span class='ocrx_word' id='word_1_232' title='bbox 1078 4262 1305 4347; x_wconf 88' lang='lat' dir='ltr'>abdominis</span> <span class='ocrx_word' id='word_1_233' title='bbox 1354 4262 1464 4347; x_wconf 89' lang='lat' dir='ltr'>obli</span> 
     </span>
     <span class='ocr_line' id='line_1_31' title="bbox 122 4390 1475 4521; baseline -0.017 -27"><span class='ocrx_word' id='word_1_234' title='bbox 122 4406 199 4521; x_wconf 74' lang='lat' dir='ltr'>qu‘e</span> <span class='ocrx_word' id='word_1_235' title='bbox 221 4421 414 4493; x_wconf 59' lang='lat' dir='ltr'>mnne</span> <span class='ocrx_word' id='word_1_236' title='bbox 438 4419 534 4487; x_wconf 79' lang='lat' dir='ltr'>tumr</span> <span class='ocrx_word' id='word_1_237' title='bbox 557 4424 663 4485; x_wconf 78' lang='lat' dir='ltr'>uero</span> <span class='ocrx_word' id='word_1_238' title='bbox 685 4392 868 4481; x_wconf 73' lang='lat' dir='ltr'>sisciculi&#39;s</span> <span class='ocrx_word' id='word_1_239' title='bbox 891 4393 1084 4480; x_wconf 74' lang='lat' dir='ltr'>teudinus,</span> <span class='ocrx_word' id='word_1_240' title='bbox 1106 4390 1240 4500; x_wconf 67' lang='lat' dir='ltr'>mugla</span> <span class='ocrx_word' id='word_1_241' title='bbox 1233 4392 1439 4473; x_wconf 66' lang='lat' dir='ltr'>extensrb</span> <span class='ocrx_word' id='word_1_242' title='bbox 1452 4453 1475 4493; x_wconf 86' lang='lat'>,‚</span> 
     </span>
    </p>
   </div>
   <div class='ocr_carea' id='block_1_3' title="bbox 698 4514 1460 4632">
    <p class='ocr_par' dir='ltr' id='par_1_3' title="bbox 698 4514 1460 4632">
     <span class='ocr_line' id='line_1_32' title="bbox 698 4514 1460 4632; baseline -0.018 -19"><span class='ocrx_word' id='word_1_243' title='bbox 698 4523 819 4614; x_wconf 76' lang='lat' dir='ltr'>Mun</span> <span class='ocrx_word' id='word_1_244' title='bbox 839 4552 875 4632; x_wconf 69' lang='lat' dir='ltr'>gp</span> <span class='ocrx_word' id='word_1_245' title='bbox 1333 4514 1460 4631; x_wconf 76' lang='lat' dir='ltr'>proxi</span> 
     </span>
    </p>
   </div>
   <div class='ocr_carea' id='block_1_4' title="bbox 0 0 2242 5900">
    <p class='ocr_par' dir='ltr' id='par_1_4' title="bbox 0 0 2242 5900">
     <span class='ocr_line' id='line_1_33' title="bbox 0 0 2242 5900; baseline 0 4"><span class='ocrx_word' id='word_1_246' title='bbox 0 0 2242 5900; x_wconf 95' lang='lat' dir='ltr'> </span> 
     </span>
    </p>
   </div>
  </div>
 </body>
</html>
