4475 5900
736 427 835 543 353
924 407 1251 520 uotorum
1285 397 1593 506 rauranum
1630 397 1871 496 Mortua

730 661 797 752 rei
828 658 976 775 pondus
1005 654 1184 743 eleuauit.
1243 645 1522 758 Hugeniauum
1553 661 1666 742 reto
1716 634 1923 724 artificium
1973 659 2073 724 urm

686 791 820 885 f-btne
860 787 1014 875 infinito
1053 802 1094 868 et
1123 778 1452 868 leutmanuianum
1483 795 1572 856 cum
1606 765 1748 878 duplici
1787 767 1962 874 cylindro
2003 766 2075 854 hic

681 898 684 909 ⁶
735 943 819 1006 nou
838 916 959 1015 ,facile
990 911 1173 1025 adplicari
1202 921 1368 1020 poterat.
1438 900 1527 987 Post
1556 891 1684 1021 uarias!
1709 896 1869 982 demum
1905 895 2074 982 medita·

731 1049 856 1132 tiones
884 1044 1012 1155 reperi
1052 1034 1288 1124 encheireiiu
1335 1033 1556 1144 quandam,
1605 1022 1845 1136 quaomnia
1895 1023 2073 1137 requifita

596 1186 601 1198 '
743 1171 913 1258 obtineri
942 1167 1051 1281 poue
1082 1166 1228 1254 nullum
1248 1161 1349 1283 mihi
1379 1160 1539 1244 dubium
1556 1153 1842 1265 relinquebatur.
1894 1153 1949 1240 Fr
1975 1179 2072 1268 qno-

733 1300 843 1389 niam
874 1323 997 1409 nuper
1026 1300 1067 1380 in
1100 1292 1264 1380 noueliis
1295 1288 1458 1402 publicis
1485 1287 1535 1373 dc
1567 1282 1775 1395 horologio
1791 1279 1959 1394 quodam
1980 1307 2072 1395 per.

738 1447 859 1542 petato
888 1423 1056 1534 mobili,
1087 1422 1137 1508 ab
1167 1417 1313 1508 artifice
1344 1416 1490 1503 turiseo
1520 1410 1767 1518 constructo,
1803 1409 1925 1498 muita
1961 1436 2073 1522 prae.

735 1556 994 1659 dicabantur,
1041 1573 1123 1634 non
1165 1549 1418 1657 incongruum
1469 1542 1549 1628 fore
1596 1541 1720 1648 duxi,
1752 1539 1826 1626 hac
1874 1539 2075 1648 otcafionc

742 1682 963 1787 ostendere,
995 1703 1068 1790 qua
1098 1675 1249 1764 ratione
1278 1671 1468 1762 eitumodi
1498 1666 1746 1782 horologium
1775 1667 1946 1784 practice
1976 1691 2071 1756 con·

739 1811 832 1901 strui
862 1827 988 1924 queat.

861 2071 898 2170 §.
923 2089 968 2166 a.
998 2063 1217 2152 Fuaduntur
1246 2065 1433 2152 nimirum
1464 2083 1520 2150 ex
1552 2081 1577 2164 a
1613 2057 1778 2176 partibtu
1793 2057 1914 2148 strum
1937 2075 2069 2147 etrna

737 2193 852 2309 cupri
890 2216 1055 2310 quatuor
1078 2190 1393 2308 parallelepipnda
1420 2217 1482 2302 g,
1515 2185 1571 2301 h,
1601 2197 1645 2302 i,
1676 2192 1725 2300 lc,
1760 2217 1794 2294 4
1824 2190 1941 2302 pedes
1988 2191 2068 2276 lon·

741 2349 796 2435 ga
824 2344 867 2410 et
897 2341 1026 2412 natae
1063 2320 1268 2430 craffitiei‚
1314 2340 1359 2406 ut
1390 2319 1537 2432 pondus
1568 2351 1601 2430 4
1641 2321 1944 2406 centenariorum
1959 2365 1974 2392 ·
1992 2319 2069 2404 abs·

741 2475 819 2562 que
848 2471 1001 2565 ruptura
1032 2450 1098 2537 rel
1125 2447 1283 2535 senfibiii
1314 2450 1536 2536 dibtatione
1566 2449 1742 2536 sustinere
1773 2441 1943 2561 queram
1984 2444 2069 2535 fuci·

559 2669 564 2677 ,
742 2578 912 2666 levero
951 2581 1031 2666 boc
1076 2595 1235 2689 propter
1283 2581 1464 2664 duritiem
1495 2577 1579 2664 talis
1626 2581 1815 2664 mixturae
1863 2573 2069 2664 obtinetur.

743 2701 1034 2794 connotantur
1062 2705 1160 2790 haec
1193 2705 1294 2792 inter
1326 2705 1464 2818 seper
1497 2727 1522 2804 3
1555 2707 1686 2794 vestet
1715 2702 1971 2817 inaequalium
1988 2707 2071 2794 bra·

742 2832 920 2922 chiorum
957 2832 1063 2945 itu,
1095 2849 1299 2948 n0‚pq;
1332 2829 1507 2923 Situero
1538 2832 1643 2922 I:m
1668 2855 1884 2944 :1:33
1917 2858 2073 2924 uzo:

735 2980 914 3080 ΜΞ
935 2998 956 3055 ι
981 2992 1058 3074 ²4·
1093 2964 1200 3049 Tota
1231 2987 1439 3079 compages
1469 2963 1719 3051 mediantibus
1758 2964 1893 3050 axibra
1943 2962 2073 3052 firme·

742 3109 804 3177 tur
836 3096 885 3179 ad
918 3093 1070 3180 brachia
1102 3092 1200 3197 rd,
1230 3092 1322 3207 es,
1354 3094 1488 3203 uirgae
1519 3091 1658 3177 sturme
1687 3092 1898 3181 robustioris
1930 3093 1972 3177 A
2004 3092 2070 3206 B,
2210 3092 2211 3153 i

743 3243 795 3305 eo
823 3223 972 3304 circiter
1004 3219 1157 3327 modo,
1188 3242 1305 3329 quem
1345 3218 1430 3331 Fig.
1464 3217 1501 3303 Ι.
1535 3220 1690 3307 indicat.
1756 3220 1955 3307 Vltimum
2000 3226 2069 3311 ho-

740 3372 829 3433 mm
876 3346 1336 3458 parallelepipudorumi
1385 3346 1502 3453 altem
1530 3346 1591 3433 sua
1640 3352 1882 3437 extremitate
1909 3354 2073 3466 excipiat

726 3498 827 3567 ,ems
856 3475 1004 3561 breuius
1036 3474 1159 3563 retiis
1190 3502 1210 3559 r
1239 3496 1265 3555 r
1294 3475 1394 3561 circa
1426 3477 1517 3561 axin
1548 3476 1588 3558 in
1619 3501 1644 3565 r
1673 3480 1839 3565 mobilis.
1914 3479 1975 3565 Sit
2006 3508 2071 3568 vc·

687 3705 703 3735 .
743 3626 793 3689 10
820 3627 1019 3689 rrszr
1043 3638 1053 3691 :
1073 3630 1117 3709 3.
1184 3598 1283 3687 Crus
1314 3603 1466 3714 longius
1496 3632 1516 3691 s
1546 3626 1655 3715 gerat
1693 3634 1823 3695 arcum
1864 3609 2069 3699 ,dennnrm

745 3743 824 3817 to
855 3738 914 3815 60
950 3734 1101 3818 circiter
1130 3734 1331 3840 dentium,
1362 3735 1427 3844 qui
1459 3730 1610 3821 inseruit
1637 3732 1684 3821 ad
1715 3738 1896 3823 clarerem
1949 3743 2069 3826 inter·
2209 3772 2210 3809 r

686 3969 690 3979 Ι
746 3858 917 3945 dendum
950 3862 1013 3946 uel
1042 3864 1091 3947 ad
1125 3862 1276 3972 pondtu
1303 3859 1498 3971 horologii
1528 3862 1720 3951 mediante
1751 3885 1835 3953 rota
1864 3892 1893 3951 α
1922 3869 2072 3956 eleuar-

747 3987 856 4073 dum.
926 3988 1033 4077 Haec
1064 4010 1149 4075 rota
1182 4018 1209 4074 α
1237 3985 1389 4073 insolito
1419 4006 1460 4071 et
1491 3988 1637 4076 curioso
1683 3994 1797 4105 plane
1845 3998 1971 4083 modo
2019 3998 2074 4085 est

747 4117 969 4203 combutta.
1035 4119 1161 4206 Habet
1191 4118 1296 4203 enim
1327 4116 1428 4203 hunc
1458 4119 1768 4233 proprietatem,
1801 4138 1846 4205 vt
1866 4186 1878 4232 ‚
1897 4124 1984 4209 licet
2007 4152 2075 4212 ro·

749 4237 824 4324 tuia
852 4266 882 4323 x
924 4248 1072 4333 adnexa
1121 4246 1363 4333 dextrorsum
1404 4245 1469 4332 uel
1508 4246 1752 4335 finistrorsum
1799 4272 2075 4364 connectatur,

742 4362 826 4482 ipd
854 4384 941 4455 rota
971 4402 998 4459 a
1027 4377 1275 4465 nihilominus
1305 4377 1457 4492 semper
1487 4376 1691 4467 secundum
1722 4402 1840 4470 unum
1870 4381 2073 4471 eamdem

857 4566 861 4573 ·
1999 4534 2075 4627 ‘11¹⁰
