4475 5900
455 453 542 558 nn
571 459 789 563 ιιιιιιι
816 457 1089 590 martura
1165 487 1170 498 ·
1386 402 1475 572 ω’

153 719 241 784 mm
270 717 316 780 ac
345 697 607 793 uentriculum·
619 701 747 811 potius
772 698 897 786 calore
926 699 992 786 no
1010 653 1175 806 ‚sonem
1203 715 1322 810 qulam
1353 702 1481 788 muti·

152 849 242 908 uere
273 823 434 908 videtur.
479 824 668 932 intend
696 830 897 916 vennimi
942 824 1068 914 mnica
1116 827 1306 935 candida,
1354 830 1482 942 glabra

150 977 227 1036 nec
260 950 392 1062 ruguit
423 977 495 1040 nec
524 955 657 1042 uillosa
676 956 771 1071 vest,
800 958 906 1068 quod
937 958 1252 1046 veromaxime
1299 956 1481 1068 singulare

150 1101 194 1166 ct
227 1077 324 1164 forte
374 1083 502 1168 maritis
546 1077 764 1170 menedimo
793 1085 887 1172 illud
920 1084 1004 1190 cil,
1034 1085 1140 1196 quod
1158 1083 1384 1196 -glandulam
1409 1084 1484 1172 hu·
1605 1161 1611 1166 .
1708 1115 1711 1123 ⁴

146 1209 259 1326 mani
289 1209 424 1320 capitis
451 1213 713 1322 magnitudine
745 1213 898 1300 niualem
929 1209 1012 1299 non
1042 1213 1181 1324 panori
1229 1212 1278 1299 ab
1309 1212 1481 1302 institio-

148 1361 204 1420 ne
251 1333 472 1450 oesophagi
500 1342 543 1424 in
593 1340 850 1456 uentrinrlum
897 1342 1118 1428 muenmam
1175 1340 1333 1453 inipso
1381 1366 1483 1430 ren·

148 1465 287 1550 triorlo
316 1484 569 1576 contentam,
599 1467 728 1580 illique
756 1469 876 1553 ueluti
891 1469 1031 1580 grande
1046 1471 1257 1552 aucurisma
1284 1471 1481 1579 quoddam

148 1595 330 1680 adnatmn
370 1597 471 1714 inter
499 1601 670 1684 tunicam
720 1594 972 1682 mustrdosam
1023 1613 1067 1680 ct
1106 1589 1338 1684 ,nemosamr
1388 1596 1481 1687 baec
1558 1705 1560 1712 Ι

148 1721 327 1833 glandula
358 1747 430 1836 per
459 1727 630 1813 tunicam
663 1721 834 1810 villosam
864 1723 996 1808 multia
1023 1720 1132 1834 poris
1158 1739 1200 1804 et
1231 1719 1336 1812 olna
1374 1743 1482 1836 pate-

148 1849 244 1958 bat,
273 1849 462 1964 liquorem
493 1853 700 1956 albidum,
735 1849 969 1938 confidentia
998 1873 1044 1935 ac
1072 1847 1202 1936 colore
1229 1854 1487 1963 ,paucreadco
1608 1868 1611 1877 ’

147 1977 316 2066 limilem
355 1980 398 2064 in
436 1983 639 2083 uentriculi
676 1989 816 2069 cauum
862 1977 1018 2089 copiose
1064 1971 1278 2088 fundebat,
1326 1977 1483 2071 adhibui

146 2104 239 2192 huic
270 2105 440 2194 insolitae
455 2111 513 2194 rei
544 2111 681 2200 testem
704 2102 1039 2218 sub-Chirurgum
1070 2099 1227 2224 liettge.
1270 2098 1389 2192 Cuius
1415 2111 1482 2198 iu.

144 2233 247 2322 dolie
275 2233 340 2322 bic
370 2234 501 2322 succm
530 2237 600 2346 lit,
630 2235 775 2349 duplici
805 2234 964 2321 fonuito
980 2233 1258 2344 experimendo
1273 2239 1479 2354 cognoui3
1632 2317 1642 2326 ,

145 2361 262 2452 Nam
291 2389 381 2451 cum
411 2389 489 2478 per
518 2390 639 2478 poros
666 2367 815 2448 amicae
842 2361 1032 2448 incedatis
1061 2359 1241 2448 nabulum
1255 2383 1481 2471 argenteum
1665 2404 1684 2442 ι

146 2493 432 2600 immitterem,
456 2509 504 2577 rt
519 2492 612 2582 flatu
643 2487 816 2576 immillo
832 2491 912 2576 rias
925 2487 1157 2574 excretorias
1177 2485 1480 2606 comestam,

147 2620 298 2707 tubum
322 2623 430 2732 niger
458 2620 594 2729 nait,
627 2637 673 2704 rt
700 2635 861 2731 argeum
888 2617 940 2704 ab
969 2615 1083 2704 acido
1111 2611 1297 2726 sulphuris
1327 2625 1481 2738 connu-

147 2772 242 2860 gere
272 2749 396 2855 solet,
432 2731 540 2836 idem
578 2741 773 2840 mmmm
815 2769 908 2834 cum
935 2743 1047 2834 iirb-
1064 2738 1247 2854 Chirurgi
1295 2743 1481 2898 distipulo

141 2879 357 2993 Archippo
381 2815 651 2965 ’lionowalow
678 2874 957 2991 inaperaiiem,
995 2897 1075 2986 quo
1105 2873 1281 2963 mambre
1333 2879 1476 2969 tenni-
1605 2995 1608 3001 ¹

143 3007 223 3091 culi
255 3024 434 3095 contenta
470 3007 639 3116 derret,
669 3031 748 3121 quo
776 3004 909 3093 labore
939 3000 1057 3087 finito
1082 2998 1242 3090 annulus
1279 3024 1479 3114 argentean

141 3135 312 3247 digitum
344 3138 499 3247 cingens
527 3136 669 3221 eodem
699 3134 834 3222 colore
861 3128 1025 3217 infemr
1051 3128 1154 3217 fiu‘t.

265 3264 433 3351 Interior
462 3263 665 3349 uentriculi
696 3262 824 3348 tainica
855 3284 879 3345 a
910 3257 1102 3343 lumbricis
1115 3258 1285 3345 candidis
1302 3268 1314 3307 ¹
1299 3260 1480 3375 pedem

144 3392 296 3506 longia,
329 3393 460 3504 mubtn
476 3408 580 3479 tonus
607 3389 854 3496 ventricula,
888 3382 1072 3498 pyrorum
1089 3405 1130 3471 et
1157 3388 1379 3477 duodenum
1402 3386 1480 3477 sca·

142 3522 275 3643 tebat,
308 3519 512 3633 perforata
530 3540 633 3627 etat,
650 3538 691 3605 et
720 3516 936 3605 lumbrici
923 3538 965 3600 ru
980 3513 1176 3631 glandulae
1191 3540 1329 3605 cauum
1354 3542 1479 3631 usque

144 3667 464 3763 pmcn-ruerant,
495 3648 671 3759 glandula
702 3644 841 3733 disciffit
871 3641 1072 3755 copiomm
1099 3641 1250 3731 succum
1281 3644 1477 3733 iirndebat.

142 3776 249 3867 Non
295 3777 403 3863 licuit
456 3776 614 3888 posthac
645 3773 769 3889 planen
797 3772 1026 3859 venniculor
1069 3774 1291 3861 examinare
1320 3774 1374 3861 ob
1403 3774 1478 3885 id,

144 3908 252 4019 quod
316 3902 528 3993 nesceffitio
575 3905 734 3995 auxilio
779 3908 984 4010 carebam,
1052 3926 1124 3987 nee
1179 3924 1275 3987 cum
1348 3904 1479 4015 paucis

141 4032 290 4123 animal
319 4032 489 4123 semel
476 4036 647 4123 inuenire
695 4035 821 4121 lacem
849 4031 892 4117 in
921 3966 1075 4121 do’rfiuu
1105 4046 1257 4119 uertere
1288 4030 1476 4143 pullam,

141 4183 346 4279 propterea
376 4161 541 4271 drrbito,
572 4189 625 4249 an
654 4159 751 4250 haec
779 4156 958 4277 daldun
985 4182 1050 4251 aar
1078 4158 1280 4272 condus,
1313 4160 1378 4251 rel
1400 4184 1476 4279 po·

141 4290 742 4407 tirnmurbiitmquidircdt.

1321 4540 1479 4663 uylorn
