4475 5900
487 484 591 589 'DE
619 494 835 590 omns
865 491 1132 594 MARlel‘.
1256 510 1259 515 ’
1390 534 1479 621 ³55

156 724 233 819 lari
263 724 382 816 vellet
397 795 424 839 ,v
440 723 659 842 splendente
697 727 776 817 sole
803 730 845 814 in
877 734 1013 844 aprico
1050 732 1214 819 iacentes
1262 732 1489 846 polletiores

166 864 343 973 pinnatos
370 856 483 970 pedes
511 859 555 941 in
584 860 721 943 altum.
739 860 890 971 etigunt
904 912 922 967 -,
952 886 999 947 ac
1026 863 1164 949 eadem
1194 864 1342 981 ratione
1367 869 1491 953 moti·

165 1007 271 1091 tant,
290 1006 335 1072 ιιι
365 1010 475 1071 cane
504 986 737 1073 blandientes
763 988 957 1098 modam,
991 992 1117 1076 modo
1148 993 1271 1077 iacent
1288 996 1329 1078 in
1345 994 1490 1105 dorin,

166 1118 295 1203 modo
323 1133 370 1199 vt
399 1139 511 1199 canes
526 1117 567 1198 in
583 1135 752 1225 venne,
784 1117 908 1201 modo
939 1120 981 1203 in
1014 1118 1152 1203 orbem
1184 1124 1381 1231 contorti,
1400 1140 1492 1208 mo·

167 1248 223 1331 do
263 1246 387 1331 iacent
417 1242 562 1328 extensi
592 1244 634 1327 in
665 1270 748 1328 vno
777 1244 896 1329 latere
926 1248 1101 1359 pinnatos
1132 1250 1340 1335 anteriores
1379 1252 1494 1362 pedes

164 1372 273 1459 lateri
290 1373 565 1483 opprimentes,
582 1388 629 1455 ιιι
644 1390 690 1457 ιι
703 1397 799 1456 vero
814 1372 1001 1483 prosande
1016 1376 1214 1461 dormiunt
1229 1394 1271 1461 et
1292 1378 1395 1462 lente
1418 1379 1494 1463 bo-

167 1526 243 1587 mo
259 1500 427 1608 incedat,
444 1499 691 1611 ptaestntiam
710 1516 845 1585 nmen
863 1500 943 1585 eins
950 1503 1030 1587 cito
1044 1500 1279 1614 praebglunt
1294 1522 1336 1589 et
1352 1530 1495 1617 expec-

164 1628 378 1743 giscootnr,
394 1628 732 1741 quodannatinm,
747 1652 796 1713 an
811 1630 1335 1741 auriumauxiliocontingat,
1351 1634 1493 1719 neseio.

285 1753 404 1845 Senes
458 1775 499 1840 et
550 1755 796 1866 pmegcandes
853 1780 1045 1867 nunquam
1094 1756 1301 1843 hominem
1353 1750 1496 1873 flagitant

161 1911 292 1999 neque
319 1901 484 1974 catenias
530 1883 775 1985 hominum,
823 1878 886 1971 sed
916 1884 954 1967 se
985 1882 1114 1971 statim
1146 1885 1196 1971 ad
1230 1910 1401 1999 pugnam
1435 1914 1498 1977 aea

165 2019 357 2126 cingant,
390 2012 514 2098 nihilo
544 2029 678 2097 tamen
717 2013 849 2096 minus
896 2012 1043 2097 aduecti
1082 2014 1245 2124 integras
1290 2038 1424 2126 greges
1455 2018 1498 2103 io
1600 2069 1601 2079 ι

165 2144 295 2255 sigam
327 2141 633 2251 vem,s1qu1s
663 2163 731 2223 ore
762 2137 902 2225 fistulae
934 2136 1069 2224 ιοιιιιιιι
1101 2142 1304 2249 imitean,
1333 2143 1500 2231 soemel·

166 2272 225 2356 lae
256 2270 455 2357 confestim
488 2266 751 2392 sogiont,ita
696 2284 818 2350 ttaet
847 2266 984 2372 integri
998 2288 1132 2375 greges
1158 2270 1377 2355 adultorum
1395 2272 1500 2357 mul·

165 2420 279 2509 taque
310 2396 473 2481 millia
462 2420 505 2476 m
535 2420 644 2477 mate
673 2390 872 2501 praecipiti
902 2390 991 2499 fitga
1019 2412 1206 2501 agantur,
1237 2397 1266 2479 sa
1281 2380 1415 2484 stcuci
1445 2422 1499 2485 ex

66 2596 76 2614 ,
167 2517 378 2639 impsouiso
419 2542 566 2629 magno
607 2520 779 2605 clamose
824 2518 1081 2626 inuadnnan,
1122 2520 1217 2605 dum
1249 2546 1344 2607 veto
1375 2523 1499 2613 multa

168 2654 294 2741 millia
320 2650 429 2761 saepe
461 2668 551 2733 ante
583 2673 650 2733 nos
680 2648 723 2730 in
751 2670 857 2733 mace
895 2647 1073 2757 egimus,
1113 2646 1170 2733 illi
1201 2666 1381 2735 natames
1402 2675 1500 2741 con.

167 2785 281 2867 tinuo
311 2805 384 2879 nos
412 2778 456 2863 in
487 2775 600 2860 ltere
631 2795 764 2861 euntes
792 2774 1103 2884 comitabantur,
1133 2800 1205 2873 nos
1235 2777 1422 2881 innacntes
1456 2795 1500 2885 et

169 2910 340 2998 insolitos
361 2906 444 2994 hos
481 2903 650 3018 hospites
688 2904 933 2990 mimbantnt.

287 3037 436 3125 Natant
467 3033 565 3120 adeo
596 3033 846 3144 impetuose,
876 3051 922 3116 ιι
952 3056 1031 3117 vna
1057 3033 1156 3118 hona
1187 3033 1296 3120 facile
1312 3037 1392 3134 dno
1408 3039 1503 3128 aiiii

167 3170 271 3257 liacia
301 3165 517 3279 gennanica
547 3161 743 3250 absoluere
775 3159 942 3271 possint:
995 3160 1207 3250 simeo
1195 3189 1235 3248 ιιι
1267 3166 1368 3250 mari
1416 3167 1502 3255 vul-

168 3317 380 3404 nerantur,
428 3293 611 3402 cymbam
660 3315 738 3378 sna
776 3313 868 3378 cum
899 3289 1142 3376 aenatonbns
1180 3308 1266 3378 ιιιιι
1298 3293 1501 3404 lapident

170 3425 360 3512 celeriter·
376 3423 462 3536 poll
491 3418 528 3504 se
554 3419 744 3528 tranunt,
775 3435 822 3506 vt
851 3417 995 3524 cymba
1026 3417 1159 3504 volare
1189 3419 1397 3531 videam,
1429 3449 1501 3516 nee

171 3579 259 3643 rato
288 3551 430 3661 cymba
468 3547 592 3635 euers
639 3564 841 3634 venatones
868 3544 1143 3656 submergunt,
1195 3547 1265 3634 nist
1304 3549 1502 3646 nauclents

171 3684 299 3798 probe
315 3675 588 3766 basescorsum
603 3675 810 3790 dirigendo
837 3673 1034 3776 obsemet:
1067 3691 1171 3761 natat
1200 3674 1313 3774 dorso
1328 3679 1499 3792 supino,

170 3814 321 3926 pinnati
352 3809 472 3921 pedes
500 3806 702 3890 sacedotes
733 3829 925 3915 nmqtem
956 3801 1261 3914 conspiciuntur,
1310 3804 1499 3916 posterio-

171 3967 236 4028 res
264 3961 362 4025 aeto
388 3935 580 4021 interdum
610 3952 824 4088 emergam
839 3957 863 4016 e
893 3934 1026 4038 maci,
1055 3931 1109 4018 ob
1124 3949 1300 4044 apertam
1323 3931 1498 4044 soramen

171 4071 239 4156 diu
270 4067 336 4152 sub
368 4067 697 4178 aquismorantnr
711 4063 889 4171 ,valde
937 4085 1037 4148 tero
1066 4063 1247 4146 exantlati
1279 4061 1420 4170 viribus
1450 4069 1498 4158 ad

172 4193 424 4285 hauriendum
450 4217 587 4275 aetem
617 4209 846 4337 ometgmt,
871 4190 975 4274 eirca
1004 4189 1115 4277 litota
1141 4209 1274 4276 antem
1304 4208 1432 4278 natam
1460 4198 1501 4288 se
1650 4177 1682 4222 ⁷

173 4323 414 4410 oblectantes
438 4319 567 4404 modo
584 4321 722 4429 proni,
754 4319 878 4406 modo
906 4312 1026 4429 supini
1052 4335 1214 4425 natam,
1244 4341 1316 4404 nec
1345 4324 1501 4433 prolim-

169 4453 228 4542 de
253 4450 322 4540 sab
336 4448 462 4563 aquis,
493 4463 541 4536 ιι
566 4447 716 4538 cansam
743 4445 959 4668 {onmem
978 4443 1136 4564 senaper
1150 4445 1343 4540 misnen
1357 4471 1500 4596 potue.

742 4693 751 4700 ·
813 4598 905 4686 ys
1225 4661 1229 4668 ,
1391 4601 1467 4670 nm
1482 4647 1497 4699 ,
1594 4655 1597 4666 .
