<?xml version="1.0" encoding="UTF-8"?>
<!DOCTYPE html PUBLIC "-//W3C//DTD XHTML 1.0 Transitional//EN"
    "http://www.w3.org/TR/xhtml1/DTD/xhtml1-transitional.dtd">
<html xmlns="http://www.w3.org/1999/xhtml" xml:lang="en" lang="en">
 <head>
  <title>
</title>
<meta http-equiv="Content-Type" content="text/html;charset=utf-8" />
  <meta name='ocr-system' content='tesseract 3.04.00' />
  <meta name='ocr-capabilities' content='ocr_page ocr_carea ocr_par ocr_line ocrx_word'/>
</head>
<body>
  <div class='ocr_page' id='page_1' title='image "./novicommentarii12sssrgoog/novicommentarii12sssrgoog_0474.png"; bbox 0 0 4475 5900; ppageno 0'>
   <div class='ocr_carea' id='block_1_1' title="bbox 589 457 1760 621">
    <p class='ocr_par' dir='ltr' id='par_1_1' title="bbox 589 457 1760 621">
     <span class='ocr_line' id='line_1_1' title="bbox 589 457 1760 621; baseline -0.003 -54"><span class='ocrx_word' id='word_1_1' title='bbox 589 612 594 621; x_wconf 22' lang='grc' dir='ltr'>Ι</span> <span class='ocrx_word' id='word_1_2' title='bbox 737 486 837 590; x_wconf 71' lang='lat'>4³⁸</span> <span class='ocrx_word' id='word_1_3' title='bbox 1025 464 1353 571; x_wconf 69' lang='lat' dir='ltr'>Munuoutfs</span> <span class='ocrx_word' id='word_1_4' title='bbox 1385 457 1760 567; x_wconf 64' lang='lat' dir='ltr'>ousuttlsauut&#39;</span> 
     </span>
    </p>
   </div>
   <div class='ocr_carea' id='block_1_2' title="bbox 554 700 2045 1211">
    <p class='ocr_par' dir='ltr' id='par_1_2' title="bbox 554 700 2045 1211">
     <span class='ocr_line' id='line_1_2' title="bbox 786 700 2044 819; baseline -0.002 -24"><span class='ocrx_word' id='word_1_5' title='bbox 786 792 793 807; x_wconf 86' lang='grc'><strong>,</strong></span> <span class='ocrx_word' id='word_1_6' title='bbox 859 710 902 814; x_wconf 66' lang='lat'>5.</span> <span class='ocrx_word' id='word_1_7' title='bbox 932 728 976 809; x_wconf 89' lang='lat'>7.</span> <span class='ocrx_word' id='word_1_8' title='bbox 1009 710 1073 793; x_wconf 80' lang='lat' dir='ltr'>lix</span> <span class='ocrx_word' id='word_1_9' title='bbox 1102 704 1417 793; x_wconf 90' lang='lat' dir='ltr'>obseruationibus</span> <span class='ocrx_word' id='word_1_10' title='bbox 1446 704 1623 819; x_wconf 82' lang='lat' dir='ltr'><strong>eclipseos</strong></span> <span class='ocrx_word' id='word_1_11' title='bbox 1649 700 1788 791; x_wconf 77' lang='lat' dir='ltr'>Sonus</span> <span class='ocrx_word' id='word_1_12' title='bbox 1835 700 1912 790; x_wconf 90' lang='lat' dir='ltr'>hoc</span> <span class='ocrx_word' id='word_1_13' title='bbox 1941 702 2044 793; x_wconf 85' lang='lat' dir='ltr'>modu</span> 
     </span>
     <span class='ocr_line' id='line_1_3' title="bbox 745 830 2045 947; baseline -0.005 -21"><span class='ocrx_word' id='word_1_14' title='bbox 745 838 917 927; x_wconf 83' lang='lat' dir='ltr'>ioslimtis</span> <span class='ocrx_word' id='word_1_15' title='bbox 941 836 1094 947; x_wconf 81' lang='lat' dir='ltr'>possunt</span> <span class='ocrx_word' id='word_1_16' title='bbox 1122 838 1259 919; x_wconf 88' lang='lat' dir='ltr'>deduci</span> <span class='ocrx_word' id='word_1_17' title='bbox 1288 836 1492 947; x_wconf 83' lang='lat' dir='ltr'>sequeutia.</span> <span class='ocrx_word' id='word_1_18' title='bbox 1533 834 1770 919; x_wconf 80' lang='lat' dir='ltr'>1¹·Mottu</span> <span class='ocrx_word' id='word_1_19' title='bbox 1801 830 1931 919; x_wconf 90' lang='lat' dir='ltr'>Lunae</span> <span class='ocrx_word' id='word_1_20' title='bbox 1954 833 2045 919; x_wconf 84' lang='lat' dir='ltr'>sSo·</span> 
     </span>
     <span class='ocr_line' id='line_1_4' title="bbox 554 957 2045 1071; baseline -0.003 -21"><span class='ocrx_word' id='word_1_21' title='bbox 554 1052 561 1061; x_wconf 67' lang='grc'>,</span> <span class='ocrx_word' id='word_1_22' title='bbox 743 964 785 1049; x_wconf 85' lang='lat' dir='ltr'>le</span> <span class='ocrx_word' id='word_1_23' title='bbox 815 964 912 1049; x_wconf 81' lang='lat' dir='ltr'>visus</span> <span class='ocrx_word' id='word_1_24' title='bbox 942 989 1032 1047; x_wconf 89' lang='lat' dir='ltr'>curn</span> <span class='ocrx_word' id='word_1_25' title='bbox 1060 964 1266 1048; x_wconf 71' lang='lat' dir='ltr'>direrstioue</span> <span class='ocrx_word' id='word_1_26' title='bbox 1296 966 1466 1049; x_wconf 85' lang='lat' dir='ltr'>eiusdem</span> <span class='ocrx_word' id='word_1_27' title='bbox 1497 964 1544 1049; x_wconf 87' lang='lat' dir='ltr'>ad</span> <span class='ocrx_word' id='word_1_28' title='bbox 1575 963 1751 1048; x_wconf 89' lang='lat' dir='ltr'>diurnum</span> <span class='ocrx_word' id='word_1_29' title='bbox 1784 957 2045 1071; x_wconf 77' lang='lat' dir='ltr'>Solis-tempu</span> 
     </span>
     <span class='ocr_line' id='line_1_5' title="bbox 744 1076 2045 1211; baseline -0.006 -34"><span class='ocrx_word' id='word_1_30' title='bbox 744 1094 783 1177; x_wconf 87' lang='lat' dir='ltr'>ti</span> <span class='ocrx_word' id='word_1_31' title='bbox 814 1096 913 1179; x_wconf 87' lang='lat' dir='ltr'>iuter</span> <span class='ocrx_word' id='word_1_32' title='bbox 943 1092 1034 1176; x_wconf 86' lang='lat' dir='ltr'>duas</span> <span class='ocrx_word' id='word_1_33' title='bbox 1062 1115 1299 1211; x_wconf 68' lang='lat' dir='ltr'>qmscumue</span> <span class='ocrx_word' id='word_1_34' title='bbox 1330 1090 1603 1175; x_wconf 88' lang='lat' dir='ltr'>obseruationes</span> <span class='ocrx_word' id='word_1_35' title='bbox 1631 1076 1885 1174; x_wconf 76' lang='lat' dir='ltr'>intercedenti</span> <span class='ocrx_word' id='word_1_36' title='bbox 1914 1088 2045 1198; x_wconf 79' lang='lat' dir='ltr'>respou-</span> 
     </span>
    </p>
   </div>
   <div class='ocr_carea' id='block_1_3' title="bbox 639 1215 2123 3244">
    <p class='ocr_par' dir='ltr' id='par_1_3' title="bbox 639 1215 2123 3244">
     <span class='ocr_line' id='line_1_6' title="bbox 746 1215 2047 1333; baseline -0.004 -27"><span class='ocrx_word' id='word_1_37' title='bbox 746 1222 852 1306; x_wconf 82' lang='lat' dir='ltr'>dens.</span> <span class='ocrx_word' id='word_1_38' title='bbox 919 1220 987 1306; x_wconf 84' lang='lat' dir='ltr'>Ex</span> <span class='ocrx_word' id='word_1_39' title='bbox 1018 1220 1186 1331; x_wconf 84' lang='lat' dir='ltr'>qualibet</span> <span class='ocrx_word' id='word_1_40' title='bbox 1217 1244 1383 1333; x_wconf 85' lang='lat' dir='ltr'>namque</span> <span class='ocrx_word' id='word_1_41' title='bbox 1423 1216 1682 1303; x_wconf 70' lang='lat' dir='ltr'>ostentauere</span> <span class='ocrx_word' id='word_1_42' title='bbox 1731 1215 1895 1329; x_wconf 87' lang='lat' dir='ltr'>phaseos</span> <span class='ocrx_word' id='word_1_43' title='bbox 1937 1218 2047 1301; x_wconf 86' lang='lat' dir='ltr'>dantu</span> 
     </span>
     <span class='ocr_line' id='line_1_7' title="bbox 747 1343 2045 1458; baseline -0.008 -23"><span class='ocrx_word' id='word_1_44' title='bbox 747 1347 1023 1435; x_wconf 75' lang='lat' dir='ltr'>semidiametri</span> <span class='ocrx_word' id='word_1_45' title='bbox 1053 1348 1253 1437; x_wconf 81' lang='lat' dir='ltr'>Lmae&#39;et</span> <span class='ocrx_word' id='word_1_46' title='bbox 1282 1344 1412 1457; x_wconf 87' lang='lat' dir='ltr'>Solis,</span> <span class='ocrx_word' id='word_1_47' title='bbox 1451 1348 1705 1458; x_wconf 79' lang='lat' dir='ltr'>quantitasque</span> <span class='ocrx_word' id='word_1_48' title='bbox 1752 1343 1912 1457; x_wconf 85' lang='lat' dir='ltr'>phaseos</span> <span class='ocrx_word' id='word_1_49' title='bbox 1952 1343 2045 1454; x_wconf 82' lang='lat' dir='ltr'>parti·</span> 
     </span>
     <span class='ocr_line' id='line_1_8' title="bbox 746 1471 2043 1586; baseline -0.005 -25"><span class='ocrx_word' id='word_1_50' title='bbox 746 1476 817 1561; x_wconf 87' lang='lat' dir='ltr'>bus</span> <span class='ocrx_word' id='word_1_51' title='bbox 836 1475 1063 1586; x_wconf 25' lang='lat' dir='ltr'>‘aequalibus</span> <span class='ocrx_word' id='word_1_52' title='bbox 1093 1479 1280 1585; x_wconf 86' lang='lat' dir='ltr'>temporis</span> <span class='ocrx_word' id='word_1_53' title='bbox 1298 1473 1520 1585; x_wconf 84' lang='lat' dir='ltr'>expressae,</span> <span class='ocrx_word' id='word_1_54' title='bbox 1552 1496 1627 1557; x_wconf 91' lang='lat' dir='ltr'>nec</span> <span class='ocrx_word' id='word_1_55' title='bbox 1644 1496 1727 1555; x_wconf 91' lang='lat' dir='ltr'>nou</span> <span class='ocrx_word' id='word_1_56' title='bbox 1743 1472 1941 1557; x_wconf 76' lang='lat' dir='ltr'>inclinatio</span> <span class='ocrx_word' id='word_1_57' title='bbox 1953 1471 2043 1555; x_wconf 87' lang='lat' dir='ltr'>thor·</span> 
     </span>
     <span class='ocr_line' id='line_1_9' title="bbox 737 1582 2044 1714; baseline -0.007 -24"><span class='ocrx_word' id='word_1_58' title='bbox 737 1602 816 1690; x_wconf 88' lang='lat' dir='ltr'>dae</span> <span class='ocrx_word' id='word_1_59' title='bbox 844 1601 1051 1692; x_wconf 66' lang='lat' dir='ltr'>defediuae</span> <span class='ocrx_word' id='word_1_60' title='bbox 1080 1602 1129 1686; x_wconf 84' lang='lat' dir='ltr'>ad</span> <span class='ocrx_word' id='word_1_61' title='bbox 1160 1604 1338 1687; x_wconf 89' lang='lat' dir='ltr'>diurnum</span> <span class='ocrx_word' id='word_1_62' title='bbox 1368 1596 1500 1714; x_wconf 77' lang='lat' dir='ltr'>Solis3</span> <span class='ocrx_word' id='word_1_63' title='bbox 1530 1600 1634 1687; x_wconf 79' lang='lat' dir='ltr'>rude</span> <span class='ocrx_word' id='word_1_64' title='bbox 1650 1582 1825 1685; x_wconf 74' lang='lat' dir='ltr'>distantia</span> <span class='ocrx_word' id='word_1_65' title='bbox 1842 1602 1950 1685; x_wconf 85' lang='lat' dir='ltr'>etiarn</span> <span class='ocrx_word' id='word_1_66' title='bbox 1974 1621 2044 1681; x_wconf 84' lang='lat' dir='ltr'>cen·</span> 
     </span>
     <span class='ocr_line' id='line_1_10' title="bbox 701 1727 2123 1841; baseline -0.008 -22"><span class='ocrx_word' id='word_1_67' title='bbox 701 1751 706 1761; x_wconf 86' lang='grc'><em>·</em></span> <span class='ocrx_word' id='word_1_68' title='bbox 739 1746 892 1819; x_wconf 87' lang='lat' dir='ltr'>trorum</span> <span class='ocrx_word' id='word_1_69' title='bbox 923 1729 1055 1816; x_wconf 84' lang='lat' dir='ltr'>Lunae</span> <span class='ocrx_word' id='word_1_70' title='bbox 1083 1748 1123 1814; x_wconf 89' lang='lat' dir='ltr'>et</span> <span class='ocrx_word' id='word_1_71' title='bbox 1154 1727 1282 1839; x_wconf 89' lang='lat' dir='ltr'>Solis,</span> <span class='ocrx_word' id='word_1_72' title='bbox 1314 1750 1354 1815; x_wconf 86' lang='lat' dir='ltr'>ct</span> <span class='ocrx_word' id='word_1_73' title='bbox 1386 1730 1581 1815; x_wconf 84' lang='lat' dir='ltr'>inclinatio</span> <span class='ocrx_word' id='word_1_74' title='bbox 1611 1728 1782 1813; x_wconf 84' lang='lat' dir='ltr'>eiusdem</span> <span class='ocrx_word' id='word_1_75' title='bbox 1815 1732 1863 1813; x_wconf 89' lang='lat' dir='ltr'>ad</span> <span class='ocrx_word' id='word_1_76' title='bbox 1899 1729 2043 1813; x_wconf 88' lang='lat' dir='ltr'>diurnum</span> <span class='ocrx_word' id='word_1_77' title='bbox 2120 1838 2123 1841; x_wconf 15' lang='grc' dir='ltr'>Ι</span> 
     </span>
     <span class='ocr_line' id='line_1_11' title="bbox 739 1854 2043 1973; baseline -0.01 -25"><span class='ocrx_word' id='word_1_78' title='bbox 739 1854 845 1948; x_wconf 79' lang='lat' dir='ltr'>Solis</span> <span class='ocrx_word' id='word_1_79' title='bbox 876 1877 1057 1969; x_wconf 86' lang='lat' dir='ltr'>tempore</span> <span class='ocrx_word' id='word_1_80' title='bbox 1089 1856 1360 1947; x_wconf 80' lang='lat' dir='ltr'>obscurationis</span> <span class='ocrx_word' id='word_1_81' title='bbox 1394 1857 1551 1973; x_wconf 82' lang='lat' dir='ltr'>phaseos</span> <span class='ocrx_word' id='word_1_82' title='bbox 1582 1858 1801 1942; x_wconf 82' lang='lat' dir='ltr'>obtinentes</span> <span class='ocrx_word' id='word_1_83' title='bbox 1832 1857 1929 1942; x_wconf 85' lang='lat' dir='ltr'>facile</span> <span class='ocrx_word' id='word_1_84' title='bbox 1963 1856 2043 1937; x_wconf 82' lang='lat' dir='ltr'>inue-</span> 
     </span>
     <span class='ocr_line' id='line_1_12' title="bbox 741 1984 2043 2098; baseline -0.008 -24"><span class='ocrx_word' id='word_1_85' title='bbox 741 1986 916 2074; x_wconf 76' lang='lat' dir='ltr'>nientut:</span> <span class='ocrx_word' id='word_1_86' title='bbox 953 1986 982 2071; x_wconf 87' lang='lat' dir='ltr'>fi</span> <span class='ocrx_word' id='word_1_87' title='bbox 1013 1990 1245 2098; x_wconf 84' lang='lat' dir='ltr'>propriora</span> <span class='ocrx_word' id='word_1_88' title='bbox 1269 2013 1299 2071; x_wconf 85' lang='lat' dir='ltr'>e</span> <span class='ocrx_word' id='word_1_89' title='bbox 1322 1990 1478 2079; x_wconf 86' lang='lat' dir='ltr'>surnma</span> <span class='ocrx_word' id='word_1_90' title='bbox 1516 1986 1893 2073; x_wconf 86' lang='lat' dir='ltr'>semidiametromm</span> <span class='ocrx_word' id='word_1_91' title='bbox 1939 1984 2043 2065; x_wconf 79' lang='lat' dir='ltr'>auiu-</span> 
     </span>
     <span class='ocr_line' id='line_1_13' title="bbox 742 2108 2043 2225; baseline -0.003 -31"><span class='ocrx_word' id='word_1_92' title='bbox 742 2136 818 2221; x_wconf 88' lang='lat' dir='ltr'>que</span> <span class='ocrx_word' id='word_1_93' title='bbox 842 2113 1001 2202; x_wconf 77' lang='lat' dir='ltr'>mobile</span> <span class='ocrx_word' id='word_1_94' title='bbox 1030 2118 1217 2220; x_wconf 76' lang='lat' dir='ltr'>quantitas</span> <span class='ocrx_word' id='word_1_95' title='bbox 1267 2115 1444 2224; x_wconf 77' lang='lat' dir='ltr'>eclipseos</span> <span class='ocrx_word' id='word_1_96' title='bbox 1481 2112 1746 2223; x_wconf 80' lang='lat' dir='ltr'>subtrahatur,</span> <span class='ocrx_word' id='word_1_97' title='bbox 1802 2140 1877 2225; x_wconf 90' lang='lat' dir='ltr'>pro</span> <span class='ocrx_word' id='word_1_98' title='bbox 1919 2108 2043 2193; x_wconf 61' lang='lat' dir='ltr'>munda</span> 
     </span>
     <span class='ocr_line' id='line_1_14' title="bbox 741 2234 2040 2328; baseline -0.007 -1"><span class='ocrx_word' id='word_1_99' title='bbox 741 2254 870 2327; x_wconf 80' lang='lat' dir='ltr'>autern</span> <span class='ocrx_word' id='word_1_100' title='bbox 910 2237 1165 2328; x_wconf 78' lang='lat' dir='ltr'>inclmtionis</span> <span class='ocrx_word' id='word_1_101' title='bbox 1210 2238 1381 2327; x_wconf 72' lang='lat' dir='ltr'>¹chordae</span> <span class='ocrx_word' id='word_1_102' title='bbox 1427 2238 1634 2325; x_wconf 69' lang='lat' dir='ltr'>desedtiuae</span> <span class='ocrx_word' id='word_1_103' title='bbox 1664 2246 1712 2327; x_wconf 88' lang='lat' dir='ltr'>ad</span> <span class='ocrx_word' id='word_1_104' title='bbox 1744 2242 1923 2327; x_wconf 88' lang='lat' dir='ltr'>diurnum</span> <span class='ocrx_word' id='word_1_105' title='bbox 1963 2234 2040 2323; x_wconf 85' lang='lat' dir='ltr'>Solis</span> 
     </span>
     <span class='ocr_line' id='line_1_15' title="bbox 741 2364 2040 2493; baseline -0.003 -42"><span class='ocrx_word' id='word_1_106' title='bbox 741 2364 1078 2493; x_wconf 75' lang='lat' dir='ltr'>complementum</span> <span class='ocrx_word' id='word_1_107' title='bbox 1110 2365 1159 2450; x_wconf 86' lang='lat' dir='ltr'>ad</span> <span class='ocrx_word' id='word_1_108' title='bbox 1191 2368 1371 2478; x_wconf 73' lang='lat' dir='ltr'>angprlutn</span> <span class='ocrx_word' id='word_1_109' title='bbox 1402 2366 1760 2455; x_wconf 73' lang='lat' dir='ltr'>redtumsumatur.</span> <span class='ocrx_word' id='word_1_110' title='bbox 1849 2370 1913 2455; x_wconf 80' lang='lat' dir='ltr'>llis</span> <span class='ocrx_word' id='word_1_111' title='bbox 1942 2386 2040 2453; x_wconf 87' lang='lat' dir='ltr'>auen</span> 
     </span>
     <span class='ocr_line' id='line_1_16' title="bbox 641 2490 2042 2609; baseline -0.005 -25"><span class='ocrx_word' id='word_1_112' title='bbox 641 2510 651 2527; x_wconf 80' lang='grc'><strong><em>’</em></strong></span> <span class='ocrx_word' id='word_1_113' title='bbox 746 2494 797 2583; x_wconf 86' lang='lat' dir='ltr'>ad</span> <span class='ocrx_word' id='word_1_114' title='bbox 828 2514 1010 2605; x_wconf 85' lang='lat' dir='ltr'>tempora</span> <span class='ocrx_word' id='word_1_115' title='bbox 1039 2496 1197 2585; x_wconf 84' lang='lat' dir='ltr'>duarum</span> <span class='ocrx_word' id='word_1_116' title='bbox 1225 2496 1469 2609; x_wconf 77' lang='lat' dir='ltr'>quantolibet</span> <span class='ocrx_word' id='word_1_117' title='bbox 1502 2494 1811 2584; x_wconf 87' lang='lat' dir='ltr'>obsematiouum</span> <span class='ocrx_word' id='word_1_118' title='bbox 1828 2499 1919 2583; x_wconf 88' lang='lat' dir='ltr'>datis</span> <span class='ocrx_word' id='word_1_119' title='bbox 1936 2551 1946 2601; x_wconf 92' lang='lat'>‚</span> <span class='ocrx_word' id='word_1_120' title='bbox 1964 2490 2042 2607; x_wconf 91' lang='lat' dir='ltr'>poli·</span> 
     </span>
     <span class='ocr_line' id='line_1_17' title="bbox 746 2620 2041 2733; baseline -0.002 -27"><span class='ocrx_word' id='word_1_121' title='bbox 746 2638 865 2733; x_wconf 87' lang='lat' dir='ltr'>toque</span> <span class='ocrx_word' id='word_1_122' title='bbox 893 2620 987 2710; x_wconf 82' lang='lat' dir='ltr'>sote</span> <span class='ocrx_word' id='word_1_123' title='bbox 1016 2641 1203 2733; x_wconf 84' lang='lat' dir='ltr'>ternpore</span> <span class='ocrx_word' id='word_1_124' title='bbox 1234 2626 1335 2709; x_wconf 86' lang='lat' dir='ltr'>inter</span> <span class='ocrx_word' id='word_1_125' title='bbox 1364 2623 1641 2713; x_wconf 90' lang='lat' dir='ltr'>obseruationes</span> <span class='ocrx_word' id='word_1_126' title='bbox 1671 2628 1922 2714; x_wconf 84' lang='lat' dir='ltr'>intercedente</span> <span class='ocrx_word' id='word_1_127' title='bbox 1950 2626 1983 2706; x_wconf 92' lang='lat' dir='ltr'>iu</span> <span class='ocrx_word' id='word_1_128' title='bbox 1996 2620 2041 2705; x_wconf 86' lang='lat' dir='ltr'>lo·</span> 
     </span>
     <span class='ocr_line' id='line_1_18' title="bbox 639 2747 2042 2867; baseline -0.004 -33"><span class='ocrx_word' id='word_1_129' title='bbox 639 2753 643 2758; x_wconf 51' lang='lat'><em>⁴</em></span> <span class='ocrx_word' id='word_1_130' title='bbox 744 2772 797 2837; x_wconf 87' lang='lat' dir='ltr'>co</span> <span class='ocrx_word' id='word_1_131' title='bbox 826 2749 975 2858; x_wconf 74' lang='lat' dir='ltr'>prioris·</span> <span class='ocrx_word' id='word_1_132' title='bbox 994 2747 1262 2834; x_wconf 82' lang='lat' dir='ltr'>obseruationis</span> <span class='ocrx_word' id='word_1_133' title='bbox 1293 2752 1521 2862; x_wconf 85' lang='lat' dir='ltr'>immobili,</span> <span class='ocrx_word' id='word_1_134' title='bbox 1547 2752 1648 2840; x_wconf 85' lang='lat' dir='ltr'>sacili</span> <span class='ocrx_word' id='word_1_135' title='bbox 1677 2761 1843 2867; x_wconf 87' lang='lat' dir='ltr'>negotio</span> <span class='ocrx_word' id='word_1_136' title='bbox 1887 2751 2042 2841; x_wconf 89' lang='lat' dir='ltr'>iuuenlnu</span> 
     </span>
     <span class='ocr_line' id='line_1_19' title="bbox 743 2874 2044 2990; baseline 0.001 -31"><span class='ocrx_word' id='word_1_137' title='bbox 743 2874 997 2988; x_wconf 76' lang='lat' dir='ltr'>propositam.</span> <span class='ocrx_word' id='word_1_138' title='bbox 1057 2876 1312 2990; x_wconf 87' lang='lat' dir='ltr'>Represeutet</span> <span class='ocrx_word' id='word_1_139' title='bbox 1342 2883 1447 2967; x_wconf 84' lang='lat' dir='ltr'>enim</span> <span class='ocrx_word' id='word_1_140' title='bbox 1481 2882 1582 2968; x_wconf 88' lang='lat' dir='ltr'>linea</span> <span class='ocrx_word' id='word_1_141' title='bbox 1616 2879 1711 2969; x_wconf 86' lang='grc' dir='ltr'>ΑΒ</span> <span class='ocrx_word' id='word_1_142' title='bbox 1742 2886 1913 2972; x_wconf 87' lang='lat' dir='ltr'>diurnum</span> <span class='ocrx_word' id='word_1_143' title='bbox 1939 2877 2044 2979; x_wconf 83' lang='lat' dir='ltr'>Solis,</span> 
     </span>
     <span class='ocr_line' id='line_1_20' title="bbox 741 2997 2041 3122; baseline -0.002 -30"><span class='ocrx_word' id='word_1_144' title='bbox 741 3003 902 3092; x_wconf 65' lang='lat' dir='ltr'>mettim</span> <span class='ocrx_word' id='word_1_145' title='bbox 931 2997 1021 3090; x_wconf 88' lang='lat' dir='ltr'>GP</span> <span class='ocrx_word' id='word_1_146' title='bbox 1027 3008 1109 3116; x_wconf 82' lang='lat' dir='ltr'>gF</span> <span class='ocrx_word' id='word_1_147' title='bbox 1139 3003 1306 3119; x_wconf 88' lang='lat' dir='ltr'>Solem,</span> <span class='ocrx_word' id='word_1_148' title='bbox 1346 3010 1465 3122; x_wconf 87' lang='lat' dir='ltr'>suque</span> <span class='ocrx_word' id='word_1_149' title='bbox 1497 3013 1539 3096; x_wconf 87' lang='lat' dir='ltr'>in</span> <span class='ocrx_word' id='word_1_150' title='bbox 1570 3037 1644 3098; x_wconf 84' lang='lat' dir='ltr'>vna</span> <span class='ocrx_word' id='word_1_151' title='bbox 1683 3013 1933 3101; x_wconf 82' lang='lat' dir='ltr'>obseruatione</span> <span class='ocrx_word' id='word_1_152' title='bbox 1975 3000 2041 3090; x_wconf 84' lang='grc' dir='ltr'>ΕΡ</span> 
     </span>
     <span class='ocr_line' id='line_1_21' title="bbox 744 3132 2041 3244; baseline 0.002 -26"><span class='ocrx_word' id='word_1_153' title='bbox 744 3133 896 3218; x_wconf 84' lang='lat' dir='ltr'>dnorda</span> <span class='ocrx_word' id='word_1_154' title='bbox 927 3132 1145 3244; x_wconf 64' lang='lat' dir='ltr'>denelae,</span> <span class='ocrx_word' id='word_1_155' title='bbox 1195 3161 1286 3222; x_wconf 89' lang='lat' dir='ltr'>tum</span> <span class='ocrx_word' id='word_1_156' title='bbox 1318 3139 1562 3226; x_wconf 88' lang='lat' dir='ltr'>inclinatione</span> <span class='ocrx_word' id='word_1_157' title='bbox 1612 3144 1787 3230; x_wconf 83' lang='lat' dir='ltr'>eiusdem</span> <span class='ocrx_word' id='word_1_158' title='bbox 1819 3133 1867 3227; x_wconf 88' lang='lat' dir='ltr'>ad</span> <span class='ocrx_word' id='word_1_159' title='bbox 1889 3142 2041 3225; x_wconf 83' lang='lat' dir='ltr'>diurnum</span> 
     </span>
    </p>
   </div>
   <div class='ocr_carea' id='block_1_4' title="bbox 604 3247 2045 3380">
    <p class='ocr_par' dir='ltr' id='par_1_4' title="bbox 604 3247 2045 3380">
     <span class='ocr_line' id='line_1_22' title="bbox 604 3247 2045 3380; baseline -0.001 -28"><span class='ocrx_word' id='word_1_160' title='bbox 604 3269 611 3288; x_wconf 75' lang='grc'><strong>“</strong></span> <span class='ocrx_word' id='word_1_161' title='bbox 746 3257 849 3351; x_wconf 83' lang='lat' dir='ltr'>Solis</span> <span class='ocrx_word' id='word_1_162' title='bbox 898 3260 1176 3370; x_wconf 81' lang='lat' dir='ltr'>EPK,Hs</span> <span class='ocrx_word' id='word_1_163' title='bbox 1211 3267 1337 3353; x_wconf 87' lang='lat' dir='ltr'>radius</span> <span class='ocrx_word' id='word_1_164' title='bbox 1386 3247 2045 3380; x_wconf 69' lang='lat' dir='ltr'>Lunae&#39;‚oKradiusSolis,ul</span> 
     </span>
    </p>
   </div>
   <div class='ocr_carea' id='block_1_5' title="bbox 662 3389 2044 4526">
    <p class='ocr_par' dir='ltr' id='par_1_5' title="bbox 662 3389 2044 4526">
     <span class='ocr_line' id='line_1_23' title="bbox 745 3389 2042 3504; baseline 0.007 -31"><span class='ocrx_word' id='word_1_165' title='bbox 745 3389 936 3500; x_wconf 80' lang='lat' dir='ltr'>quaudtas</span> <span class='ocrx_word' id='word_1_166' title='bbox 960 3389 1177 3504; x_wconf 79' lang='lat' dir='ltr'>eclipseos,</span> <span class='ocrx_word' id='word_1_167' title='bbox 1203 3414 1249 3480; x_wconf 89' lang='lat' dir='ltr'>et</span> <span class='ocrx_word' id='word_1_168' title='bbox 1273 3399 1351 3482; x_wconf 88' lang='lat' dir='ltr'>erit</span> <span class='ocrx_word' id='word_1_169' title='bbox 1378 3396 1477 3484; x_wconf 81' lang='lat' dir='ltr'>HK</span> <span class='ocrx_word' id='word_1_170' title='bbox 1508 3399 1683 3484; x_wconf 87' lang='lat' dir='ltr'>distantia</span> <span class='ocrx_word' id='word_1_171' title='bbox 1720 3421 1928 3486; x_wconf 82' lang='lat' dir='ltr'>centronuu</span> <span class='ocrx_word' id='word_1_172' title='bbox 1970 3409 2042 3474; x_wconf 77' lang='lat' dir='ltr'>cum</span> 
     </span>
     <span class='ocr_line' id='line_1_24' title="bbox 746 3512 2041 3637; baseline 0.002 -33"><span class='ocrx_word' id='word_1_173' title='bbox 746 3515 997 3637; x_wconf 83' lang='lat' dir='ltr'>inclinatione</span> <span class='ocrx_word' id='word_1_174' title='bbox 1025 3520 1192 3612; x_wconf 80' lang='lat' dir='ltr'>eiusdem</span> <span class='ocrx_word' id='word_1_175' title='bbox 1227 3524 1268 3609; x_wconf 88' lang='lat' dir='ltr'>H</span> <span class='ocrx_word' id='word_1_176' title='bbox 1286 3523 1373 3614; x_wconf 87' lang='lat' dir='ltr'>KP</span> <span class='ocrx_word' id='word_1_177' title='bbox 1405 3526 1454 3613; x_wconf 89' lang='lat' dir='ltr'>ad</span> <span class='ocrx_word' id='word_1_178' title='bbox 1494 3527 1674 3615; x_wconf 88' lang='lat' dir='ltr'>diurnum</span> <span class='ocrx_word' id='word_1_179' title='bbox 1724 3527 1823 3616; x_wconf 84' lang='lat' dir='ltr'>Solis</span> <span class='ocrx_word' id='word_1_180' title='bbox 1853 3520 1947 3613; x_wconf 83' lang='grc' dir='ltr'>ΑΒ.</span> <span class='ocrx_word' id='word_1_181' title='bbox 2004 3512 2041 3598; x_wconf 81' lang='lat'>11¹</span> 
     </span>
     <span class='ocr_line' id='line_1_25' title="bbox 743 3644 2042 3772; baseline -0.005 -35"><span class='ocrx_word' id='word_1_182' title='bbox 743 3644 902 3736; x_wconf 78' lang='lat' dir='ltr'>secunda</span> <span class='ocrx_word' id='word_1_183' title='bbox 935 3644 1199 3738; x_wconf 81' lang='lat' dir='ltr'>obseruatione</span> <span class='ocrx_word' id='word_1_184' title='bbox 1227 3651 1416 3742; x_wconf 87' lang='lat' dir='ltr'>chordam</span> <span class='ocrx_word' id='word_1_185' title='bbox 1449 3655 1677 3752; x_wconf 77' lang='lat' dir='ltr'>desedlrtum</span> <span class='ocrx_word' id='word_1_186' title='bbox 1709 3657 1925 3772; x_wconf 83' lang='lat' dir='ltr'>representet</span> <span class='ocrx_word' id='word_1_187' title='bbox 1968 3646 2042 3730; x_wconf 63' lang='lat' dir='ltr'>liunt</span> 
     </span>
     <span class='ocr_line' id='line_1_26' title="bbox 662 3765 2043 3885; baseline 0.005 -20"><span class='ocrx_word' id='word_1_188' title='bbox 662 3860 668 3874; x_wconf 85' lang='grc'><strong><em>,</em></strong></span> <span class='ocrx_word' id='word_1_189' title='bbox 745 3771 876 3885; x_wconf 83' lang='lat' dir='ltr'>GT,</span> <span class='ocrx_word' id='word_1_190' title='bbox 903 3801 1000 3864; x_wconf 86' lang='lat' dir='ltr'>cum</span> <span class='ocrx_word' id='word_1_191' title='bbox 1034 3778 1277 3866; x_wconf 85' lang='lat' dir='ltr'>inclinatione</span> <span class='ocrx_word' id='word_1_192' title='bbox 1304 3783 1476 3871; x_wconf 87' lang='lat' dir='ltr'>eiusdem</span> <span class='ocrx_word' id='word_1_193' title='bbox 1509 3787 1558 3872; x_wconf 87' lang='lat' dir='ltr'>ad</span> <span class='ocrx_word' id='word_1_194' title='bbox 1589 3791 1765 3873; x_wconf 87' lang='lat' dir='ltr'>diururun</span> <span class='ocrx_word' id='word_1_195' title='bbox 1791 3781 1886 3872; x_wconf 84' lang='lat' dir='ltr'>Solis</span> <span class='ocrx_word' id='word_1_196' title='bbox 1918 3765 2043 3872; x_wconf 60' lang='lat' dir='ltr'>Glssr</span> 
     </span>
     <span class='ocr_line' id='line_1_27' title="bbox 745 3894 2043 4027; baseline -0.012 -32"><span class='ocrx_word' id='word_1_197' title='bbox 745 3899 864 4010; x_wconf 70' lang='lat' dir='ltr'>fitqoe</span> <span class='ocrx_word' id='word_1_198' title='bbox 895 3906 1022 3994; x_wconf 80' lang='lat' dir='ltr'>nnius</span> <span class='ocrx_word' id='word_1_199' title='bbox 1050 3904 1183 3996; x_wconf 87' lang='lat' dir='ltr'>Lunae</span> <span class='ocrx_word' id='word_1_200' title='bbox 1211 3905 1309 4020; x_wconf 85' lang='lat' dir='ltr'>In,</span> <span class='ocrx_word' id='word_1_201' title='bbox 1342 3915 1567 4024; x_wconf 85' lang='lat' dir='ltr'>magnitudo</span> <span class='ocrx_word' id='word_1_202' title='bbox 1598 3913 1785 4027; x_wconf 84' lang='lat' dir='ltr'>eclipseos</span> <span class='ocrx_word' id='word_1_203' title='bbox 1814 3936 1901 4017; x_wconf 82' lang='lat' dir='ltr'>on,</span> <span class='ocrx_word' id='word_1_204' title='bbox 1926 3925 1966 3988; x_wconf 88' lang='lat' dir='ltr'>er</span> <span class='ocrx_word' id='word_1_205' title='bbox 1984 3894 2043 3984; x_wconf 87' lang='lat' dir='ltr'>en&#39;t</span> 
     </span>
     <span class='ocr_line' id='line_1_28' title="bbox 745 4017 2043 4150; baseline 0.005 -39"><span class='ocrx_word' id='word_1_206' title='bbox 745 4025 917 4117; x_wconf 71' lang='lat' dir='ltr'>ditanda</span> <span class='ocrx_word' id='word_1_207' title='bbox 962 4056 1195 4122; x_wconf 80' lang='lat' dir='ltr'>cenaturum</span> <span class='ocrx_word' id='word_1_208' title='bbox 1235 4037 1347 4150; x_wconf 81' lang='lat' dir='ltr'>Ill,</span> <span class='ocrx_word' id='word_1_209' title='bbox 1378 4065 1472 4128; x_wconf 91' lang='lat' dir='ltr'>curn</span> <span class='ocrx_word' id='word_1_210' title='bbox 1516 4040 1766 4130; x_wconf 85' lang='lat' dir='ltr'>inclinatione</span> <span class='ocrx_word' id='word_1_211' title='bbox 1809 4027 1965 4126; x_wconf 87' lang='lat' dir='ltr'>eiusdem</span> <span class='ocrx_word' id='word_1_212' title='bbox 2006 4017 2043 4103; x_wconf 66' lang='lat' dir='ltr'>sd</span> 
     </span>
     <span class='ocr_line' id='line_1_29' title="bbox 746 4151 2044 4297; baseline -0.004 -48"><span class='ocrx_word' id='word_1_213' title='bbox 746 4153 927 4297; x_wconf 57' lang='lat' dir='ltr'>diurnum</span> <span class='ocrx_word' id='word_1_214' title='bbox 959 4158 1064 4250; x_wconf 85' lang='lat' dir='ltr'>Solis</span> <span class='ocrx_word' id='word_1_215' title='bbox 1093 4163 1233 4254; x_wconf 90' lang='lat' dir='ltr'><strong>IKP.</strong></span> <span class='ocrx_word' id='word_1_216' title='bbox 1298 4169 1483 4256; x_wconf 81' lang='lat' dir='ltr'>Excessus</span> <span class='ocrx_word' id='word_1_217' title='bbox 1516 4169 1627 4257; x_wconf 91' lang='lat' dir='ltr'>huius</span> <span class='ocrx_word' id='word_1_218' title='bbox 1675 4165 1917 4259; x_wconf 86' lang='lat' dir='ltr'>inclinationis</span> <span class='ocrx_word' id='word_1_219' title='bbox 1935 4165 1943 4188; x_wconf 87' lang='lat'><strong>‘</strong></span> <span class='ocrx_word' id='word_1_220' title='bbox 1958 4151 2044 4259; x_wconf 68' lang='lat' dir='ltr'>suprl</span> 
     </span>
     <span class='ocr_line' id='line_1_30' title="bbox 748 4285 2044 4406; baseline -0.008 -37"><span class='ocrx_word' id='word_1_221' title='bbox 748 4304 921 4394; x_wconf 79' lang='lat' dir='ltr'>priorem</span> <span class='ocrx_word' id='word_1_222' title='bbox 958 4290 1287 4406; x_wconf 82' lang='lat' dir='ltr'>inclinationem,</span> <span class='ocrx_word' id='word_1_223' title='bbox 1318 4297 1382 4384; x_wconf 86' lang='lat' dir='ltr'>seu</span> <span class='ocrx_word' id='word_1_224' title='bbox 1413 4297 1630 4386; x_wconf 83' lang='lat' dir='ltr'>differentia</span> <span class='ocrx_word' id='word_1_225' title='bbox 1661 4299 1889 4399; x_wconf 88' lang='lat' dir='ltr'>earundem,</span> <span class='ocrx_word' id='word_1_226' title='bbox 1918 4285 1979 4368; x_wconf 88' lang='lat' dir='ltr'>erit</span> <span class='ocrx_word' id='word_1_227' title='bbox 1992 4298 2044 4358; x_wconf 89' lang='lat' dir='ltr'>au·</span> 
     </span>
     <span class='ocr_line' id='line_1_31' title="bbox 744 4398 2042 4526; baseline 0.012 -27"><span class='ocrx_word' id='word_1_228' title='bbox 744 4408 852 4526; x_wconf 75' lang='lat' dir='ltr'>gula</span> <span class='ocrx_word' id='word_1_229' title='bbox 881 4408 1028 4504; x_wconf 75' lang='lat' dir='ltr'>luta.</span> <span class='ocrx_word' id='word_1_230' title='bbox 1092 4422 1165 4510; x_wconf 86' lang='lat' dir='ltr'>Per</span> <span class='ocrx_word' id='word_1_231' title='bbox 1192 4443 1370 4518; x_wconf 84' lang='lat' dir='ltr'>extrema</span> <span class='ocrx_word' id='word_1_232' title='bbox 1397 4427 1656 4518; x_wconf 86' lang='lat' dir='ltr'>distantiarum</span> <span class='ocrx_word' id='word_1_233' title='bbox 1686 4425 1783 4517; x_wconf 77' lang='lat' dir='ltr'>lili</span> <span class='ocrx_word' id='word_1_234' title='bbox 1811 4443 1849 4512; x_wconf 89' lang='lat' dir='ltr'>et</span> <span class='ocrx_word' id='word_1_235' title='bbox 1877 4409 1967 4514; x_wconf 76' lang='lat' dir='ltr'>ll,</span> <span class='ocrx_word' id='word_1_236' title='bbox 1996 4398 2042 4480; x_wconf 73' lang='lat' dir='ltr'>s⁶¹¹</span> 
     </span>
    </p>
   </div>
   <div class='ocr_carea' id='block_1_6' title="bbox 1929 4525 2041 4664">
    <p class='ocr_par' dir='ltr' id='par_1_6' title="bbox 1929 4525 2041 4664">
     <span class='ocr_line' id='line_1_32' title="bbox 1929 4525 2041 4664; baseline 0 -49"><span class='ocrx_word' id='word_1_237' title='bbox 1929 4525 2041 4664; x_wconf 57' lang='lat' dir='ltr'>peuda</span> 
     </span>
    </p>
   </div>
   <div class='ocr_carea' id='block_1_7' title="bbox 0 0 2253 5892">
    <p class='ocr_par' dir='ltr' id='par_1_7' title="bbox 0 0 2253 5892">
     <span class='ocr_line' id='line_1_33' title="bbox 0 0 2253 5892; baseline 0 0"><span class='ocrx_word' id='word_1_238' title='bbox 0 0 2253 5892; x_wconf 95' lang='lat' dir='ltr'> </span> 
     </span>
    </p>
   </div>
  </div>
 </body>
</html>
