4475 5900
359 536 407 704 ,⁸
481 557 566 650 nn
595 549 824 652 anatur
852 551 1130 655 Mantum
1211 479 1215 485 ¹
1385 581 1480 674 aaa

153 809 294 899 ,margo
324 783 492 904 quinque
523 787 668 875 obmfia
690 786 873 876 laciniolia
902 790 1023 877 ueluti
1054 789 1253 879 vndtriattts
1289 787 1363 896 fit,
1410 817 1483 902 pro

156 940 320 1020 nurnero
340 917 562 1028 digitorum.
614 920 866 1006 Pinnntornm
896 921 1041 1006 horum
1071 924 1307 1007 anteriorum
1337 917 1484 1030 pedum

156 1045 240 1131 usus
271 1045 412 1158 duplex
444 1044 498 1130 est
533 1042 595 1162 r.)
627 1066 670 1131 rt
701 1048 775 1132 iliis
823 1069 960 1157 natet,
991 1049 1121 1162 hisque
1153 1051 1180 1137 ii
1209 1050 1308 1136 uelit
1338 1047 1409 1130 sese
1441 1047 1484 1132 in

155 1171 352 1284 superficie
382 1198 564 1286 aquatum
598 1176 828 1283 contineat,
856 1179 978 1291 disan
1007 1178 1056 1263 ad
1083 1177 1203 1264 latera
1237 1174 1408 1288 expanfis
1442 1176 1487 1260 in

153 1301 261 1414 aquis
290 1301 340 1386 ad
370 1302 683 1414 perpendiculum
716 1305 861 1390 erestus
890 1307 983 1421 sset3
1016 1303 1112 1392 alter
1143 1305 1227 1392 usna
1256 1305 1329 1415 eii,
1360 1323 1410 1390 -vt
1435 1301 1487 1390 il·

153 1431 202 1518 lis
231 1429 410 1538 incedat,
456 1455 502 1516 ac
533 1431 676 1516 credun
702 1434 749 1516 iia
778 1433 946 1543 iniistat,
993 1436 1133 1520 'eadem
1181 1434 1288 1520 enim
1338 1431 1487 1518 ratione

153 1557 420 1672 posterioribus
451 1559 580 1670 pinnis
608 1562 745 1672 copori
775 1559 989 1673 substratis,
1038 1561 1286 1646 anterioribus
1324 1560 1487 1654 naun

152 1689 258 1773 sedet
289 1688 330 1770 in
361 1687 456 1772 saxis
487 1711 533 1770 ac
562 1710 684 1772 canen
735 1687 785 1774 In
817 1707 976 1802 utroque
1005 1688 1090 1773 casn
1121 1689 1230 1796 digiti
1257 1707 1298 1776 et
1315 1685 1485 1798 epiphy·

152 1817 212 1902 set
260 1815 491 1931 cartilaginei
527 1813 709 1928 plantae,
749 1839 885 1929 carpus
929 1837 970 1901 et
1026 1835 1269 1926 metamrpns
1316 1810 1487 1900 calcanei

149 1944 260 2030 vica
315 1944 472 2060 obeunt.
560 1940 665 2030 Cum
722 1962 853 2032 autem
900 1969 1042 2058 corpus
1088 1946 1243 2054 grande-
1277 1968 1326 2030 ac
1372 1943 1488 2030 ualde

149 2069 413 2186 ponderofirm
470 2071 547 2182 fit,
585 2075 750 2158 eundem
807 2077 849 2158 in
900 2073 1020 2158 finem
1077 2072 1284 2156 anteriores
1342 2071 1489 2184 pinnati

150 2200 273 2314 pedes
318 2191 535 2309 ctaffiorec,
588 2199 742 2286 latiores
770 2219 813 2285 et
848 2201 1076 2286 robustiores
1121 2219 1303 2286 anattua
1343 2201 1490 2288 somna·

150 2329 186 2414 ti
224 2325 320 2414 stant.
1139 2369 1147 2380 -

276 2453 461 2541 Pedes
517 2456 570 2539 ati
602 2455 831 2566 posteriores
845 2455 1017 2540 uanndo
1033 2452 1488 2581 magisffluamincess‘ui

150 2585 242 2700 apti
273 2582 388 2688 sunt,
423 2609 444 2666 a
488 2586 680 2694 exigente
709 2581 922 2670 neceffitate
959 2609 1144 2670 manuum
1163 2586 1267 2669 uices
1281 2580 1485 2696 supplent:

148 2715 308 2805 Eadem
341 2709 449 2795 eninr
478 2712 630 2802 ratione
659 2733 704 2799 ut
733 2737 877 2824 canes,
908 2699 1181 2825 posterioribus
1228 2715 1387 2823 pedibus
1422 2731 1492 2796 ca·

148 2863 230 2963 put
263 2859 306 2926 et
335 2863 437 2925 aurea
466 2858 507 2926 et
538 2841 695 2955 quidem
727 2839 939 2956 frequenter
970 2839 1169 2953 scalpunt,
1202 2839 1267 2926 hic
1298 2841 1403 2925 enim
1419 2859 1490 2924 ve·

70 2998 73 3003 ·
146 3002 193 3063 te
224 2970 320 3056 solus
348 2969 562 3055 otiostnntm
592 2973 632 3054 in
662 2975 885 3056 continente
915 2972 1138 3055 animalium
1157 2969 1264 3053 labor
1279 2969 1348 3053 est.
1384 2966 1492 3053 Ena·

147 3102 311 3197 tisunt,
331 3100 451 3213 pedes
495 3100 725 3211 posteriores
762 3100 802 3185 in
829 3098 980 3187 extima
1023 3096 1198 3208 corporis
1246 3115 1355 3209 parte
1403 3092 1492 3208 post

146 3239 308 3341 mum,
339 3248 385 3314 rt
416 3227 457 3312 in
490 3226 650 3338 phoca,
682 3224 904 3335 colymbis,
934 3225 1046 3334 alca,
1076 3222 1232 3335 graculo
1260 3224 1417 3349 marino
1449 3237 1493 3309 et

146 3364 240 3449 aliis
272 3359 402 3445 auibus
433 3357 590 3442 marinis
606 3356 774 3449 muitum
805 3372 956 3462 natatu,
987 3377 1126 3467 parum
1156 3352 1294 3438 inceiin
1322 3350 1493 3439 ualenti-

147 3492 253 3598 bna,
291 3488 462 3598 adeoque
492 3484 680 3597 proxime
709 3480 914 3570 adhaerent
941 3479 1129 3593 corpori,
1162 3498 1208 3565 ut
1237 3480 1369 3593 fingenii
1391 3480 1494 3565 seor·

146 3621 231 3710 sam
265 3618 437 3726 quidem·
454 3616 628 3718 moueri,
645 3613 773 3699 diduci
803 3631 937 3698 tamen
966 3623 1176 3722 nequeant,
1209 3608 1300 3695 hinc
1319 3610 1494 3695 incedent

148 3745 308 3837 animal
357 3744 398 3828 in
448 3743 675 3828 continente
731 3740 860 3854 podici
909 3740 1088 3825 inunum
1137 3754 1178 3821 et
1225 3734 1496 3849 posterioribus

47 3980 51 3987 Ι
147 3877 320 3995 podibus
348 3872 399 3959 ad
427 3871 545 3957 latera
575 3868 783 3984 expanfis,
812 3867 1062 3957 anterioribus
1091 3864 1215 3955 saltim
1240 3864 1408 3977 graditur
1422 3930 1436 3973 ‚
1452 3878 1495 3949 et

147 4005 410 4123 posteriorem
441 4019 592 4113 partem
623 3998 795 4112 corporis
823 4022 901 4084 vna
931 4022 1023 4085 eum
1043 3994 1203 4109 pedibus
1226 3994 1344 4081 ueluti
1362 3990 1496 4080 inutile

148 4132 347 4251 pondus,
377 4131 462 4242 post
490 4128 526 4213 se
556 4128 702 4238 trahit,
734 4126 864 4240 quibn
891 4125 1077 4238 fugientes
1106 4124 1148 4209 in
1175 4146 1290 4209 arena
1318 4123 1372 4209 ad
1410 4120 1497 4207 litus

148 4257 284 4353 sulcos
299 4279 340 4344 et
355 4258 502 4345 canales
516 4256 635 4357 veluti
652 4254 818 4341 cornere
831 4258 990 4363 ducum,
1004 4278 1055 4339 ac
1086 4270 1291 4366 propterea
1319 4273 1499 4337 nearent

148 4395 227 4483 sub
256 4406 395 4475 uentre
421 4384 533 4471 auda
565 4384 850 4498 impedimento
877 4382 926 4473 fit
938 4446 954 4497 ,
983 4406 1063 4474 non
1093 4380 1222 4493 tedia,
1252 4376 1316 4473 sed
1345 4378 1498 4491 serpeu-

147 4525 246 4613 tina
280 4518 382 4605 linea
411 4515 572 4627 fugiunt.
1129 4598 1142 4607 Δ,
1465 4548 1484 4587 ι

226 4647 276 4735 T
276 4669 364 4732 om.
394 4640 450 4733 11.
470 4642 581 4736 Nou.
598 4638 831 4736 Comment-
869 4705 876 4722 κ
1041 4636 1083 4727 V
1104 4660 1142 4732 r
1390 4622 1498 4724 sibit
