4475 5900
771 415 897 546 aaa·
966 353 1506 552 unyaeusnnoua
1536 395 1942 528 maurinu*
1989 429 1994 440 ·

770 672 878 789 quod
907 669 1052 760 mirem
1091 666 1194 756 milri
1241 665 1468 776 uidebatur,
1515 661 1760 752 inueniebam
1805 659 1957 774 hodie,
1997 661 2093 750 dum

775 800 1035 912 mictoscopio
1072 798 1209 884 omnia
1246 815 1429 912 accurate
1456 819 1502 882 ae
1531 811 1674 880 attente
1707 791 1925 902 conrueret,
1957 791 2093 880 intem

776 931 883 1018 nudo
920 928 1035 1013 oculo
1071 924 1300 1033 inuilibilia,
1340 927 1530 1030 munda,
1567 919 1718 1035 pilon,
1757 923 1918 1008 mobilia
1957 921 2093 1030 ualde,

775 1083 875 1173 quae
902 1055 1033 1141 foliola
1073 1056 1289 1167 germinis,
1326 1053 1424 1139 intra
1472 1049 1584 1138 lobos
1630 1049 1753 1138 adhuc
1800 1049 2097 1165 comprehense,

660 1276 663 1284 ,
775 1186 870 1272 hinc
899 1201 941 1269 et
972 1183 1061 1271 iude
1091 1187 1239 1295 penitus
1286 1180 1367 1266 iarn
1418 1177 1687 1294 perroserant3
1731 1203 1913 1265 ntunems
1960 1178 2095 1266 horuu

777 1313 1007 1402 insertorum
1038 1331 1120 1396 erat
1148 1313 1249 1398 circa
1287 1335 1374 1418 10,
1402 1328 1442 1394 et
1481 1308 1640 1394 curicula
1676 1307 1779 1394 isbae
1816 1326 1995 1394 extrema
2034 1333 2100 1392 m·

778 1445 895 1554 dique
925 1440 1002 1524 fere
1048 1438 1173 1525 adhuc
1223 1455 1303 1524 erat
1350 1436 1482 1558 clausa.
1550 1440 1631 1525 Die
1664 1457 1686 1542 ς
1725 1457 1798 1522 tres
1847 1435 1962 1524 elicui
2009 1433 2100 1528 libat

779 1569 1038 1684 putrefactam
1066 1590 1121 1651 ex
1148 1573 1231 1679 quo'
1258 1565 1336 1650 vidi
1363 1566 1561 1652 ficciurem
1598 1565 1678 1652 hoc
1707 1565 1859 1677 plantae
1897 1591 2017 1677 genus
2045 1565 2100 1650 de·

781 1701 937 1812 poscere
966 1695 1179 1803 tellurem,
1211 1719 1328 1806 quum
1349 1747 1352 1754 ·
1376 1699 1466 1782 ideo
1496 1694 1675 1806 ,posthac
1726 1693 1875 1806 parcite
1924 1693 2100 1806 irrigaui3

784 1848 955 1940 quartam
979 1841 1085 1909 'vero
1113 1823 1351 1936 deprehendi
1382 1825 1482 1910 bene
1512 1823 1789 1938 constitutam,
1822 1825 2011 1943 ponderis¹
2051 1841 2096 1922 ra

787 1953 988 2068 pisorum,
1018 1977 1106 2037 curn
1135 1954 1258 2038 radice
1294 1973 1316 2052 :3
1357 1955 1583 2066 pollicum3
1617 1978 1668 2038 ex
1719 1977 1793 2064 qua
1824 1951 1983 2039 fibrillae
2022 1949 2101 2036 hinc

787 2103 828 2168 et
859 2083 948 2168 inde
979 2080 1254 2168 enastcbuntur.
1321 2076 1425 2167 Cum
1459 2103 1602 2168 autern
1620 2082 1760 2167 eodem
1794 2079 1873 2166 hoc
1903 2081 1968 2166 die
1994 2081 2104 2192 planes

683 2208 690 2217 ’
789 2210 911 2297 adhuc
939 2237 964 2294 e
997 2230 1092 2294 terra
1123 2209 1333 2296 effoderem
1365 2209 1495 2320 libas,
1528 2212 1656 2296 inueni
1689 2236 1837 2318 unam,
1885 2204 1986 2295 cuiun
2015 2211 2104 2294 radi·

789 2338 875 2428 cula
900 2359 928 2424 n
959 2337 1092 2450 lapillo
1142 2339 1349 2425 subiacente
1380 2338 1563 2450 impedita
1602 2338 1717 2428 suerat
1747 2339 1894 2424 renam
1944 2336 2104 2422 deorsum

755 2467 1019 2555 ‘verticalioer
1049 2468 1158 2552 viam
1192 2467 1366 2580 ingredi3
1402 2466 1496 2552 haec
1529 2470 1684 2580 itaque,
1717 2463 1851 2553 ursum
1894 2467 2028 2579 primo
2060 2463 2106 2552 la·

793 2617 864 2708 tn,
892 2595 1067 2709 superato
1096 2600 1256 2682 demum
1289 2596 1448 2706 lapillo,
1480 2597 1670 2682 incuruata
1701 2595 1800 2705 luit,
1830 2613 1870 2680 et
1896 2596 2107 2708 postende·

594 2715 669 2780 Τὼ·
686 2715 725 2782 ²2
792 2725 917 2812 orsum
950 2724 1121 2836 reflexa,
1170 2723 1270 2835 quod
1304 2725 1402 2834 rig:
1423 2751 1464 2829 3.
1509 2725 1681 2834 indicat,
1729 2727 1769 2810 in
1801 2725 1960 2836 quaest
1993 2721 2107 2812 Alo

796 2857 865 2942 bu
897 2853 988 2940 alter
1020 2853 1157 2964 subm,
1187 2849 1235 2936 13·
1256 2875 1411 2964 germen
1443 2851 1505 2938 uel
1540 2854 1739 2966 plumtda,
1779 2849 1816 2938 C
1823 2851 1911 2941 DE
1962 2853 2110 2940 radicula

798 2987 1004 3073 incuruata.
1073 2980 1277 3069 Caeterum
1311 2982 1502 3099 hucusque
1531 2983 1737 3095 plumulae
1769 2982 1868 3069 lobis
1905 2984 2111 3071 adhucdum

799 3112 949 3224 stmper
986 3111 1122 3197 affixas
1167 3112 1360 3197 obieruaui
1396 3132 1437 3194 et
1467 3111 1723 3197 adhaerentes.
1804 3112 1882 3199 Die
1915 3122 1946 3197 6
1981 3115 2021 3199 in
2050 3135 2115 3213 una

800 3238 1052 3341 effulsurum,
1083 3236 1259 3345 ponderis
1294 3230 1328 3335 7'
1356 3236 1556 3348 pisorum,
1590 3240 1907 3352 conspiciebantur
1938 3245 2019 3328 iam
2059 3239 2115 3324 sex

689 3469 692 3475 1
801 3363 994 3470 fibrillae,
1025 3360 1088 3446 vel
1117 3362 1303 3447 radiculae
1337 3362 1595 3473 secundariae,
1637 3390 1767 3455 enatae
1797 3397 1819 3454 a
1851 3371 2035 3482 primaria
2065 3358 2117 3467 ul·

802 3510 859 3577 tta
892 3519 926 3595 4
965 3490 1120 3603 pollices
1152 3490 1298 3603 longa3
1330 3492 1444 3579 altera
1473 3514 1602 3580 autem
1644 3498 1755 3608 plena
1803 3500 1973 3587 madoris
2022 3511 2121 3601 erat,

802 3620 878 3707 me
910 3620 1041 3706 radicis
1069 3638 1133 3704 aut
1173 3623 1399 3733 reliquarum
1449 3627 1617 3733 partium
1668 3626 1934 3734 incremento,
1988 3626 2122 3713 insectis

803 3769 918 3855 antea
951 3750 1174 3833 memoratis
1206 3748 1372 3861 iniciis,
1403 3776 1566 3862 quorum
1596 3754 1675 3838 duo
1705 3754 1772 3842 fibi
1803 3778 1941 3843 mutuo
1973 3758 2124 3849 coniun-

803 3878 870 3970 eia
899 3876 1196 3989 microscopium
1219 3877 1333 3962 'mihi
1363 3880 1615 3989 ostendebat,
1647 3908 1741 3993 qtrae
1768 3888 1918 3972 coittun
1955 3906 2126 3971 exercere

620 4062 627 4074 -
805 4007 1044 4091 uidebantur.
1111 4002 1197 4093 Die
1229 4026 1257 4109 7
1290 4007 1462 4116 plumula
1492 4010 1775 4121 longitudinem
1807 4016 1926 4100 totius
1957 4007 2040 4103 lobi
2071 4038 2128 4096 oc·

808 4136 1000 4244 cupubat·;
1037 4134 1149 4219 radix
1179 4137 1363 4247 primatia
1394 4138 1544 4223 extensa
1592 4158 1671 4223 erat
1702 4144 1748 4227 ad
1790 4156 1837 4243 a}
1865 4144 1958 4255 poll.
2012 4144 2130 4228 serun-

808 4258 933 4341 dariae'
959 4284 1088 4347 autern
1119 4266 1168 4349 ad
1203 4276 1220 4365 ξ
1252 4266 1348 4377 poll.
1378 4270 1526 4377 pondus
1555 4269 1669 4353 totius
1701 4271 1817 4357 abac·
1852 4292 1933 4357 erat
1974 4262 2006 4362 ¹ii¹
2043 4271 2128 4385 piso

789 4411 936 4501 ,ruma
965 4390 1222 4504 microscopio
1252 4393 1388 4486 susem
1422 4398 1546 4509 priora
1576 4400 1838 4514 ‹²apptrebaut.
1913 4402 1997 4493 Die
2034 4416 2056 4491 n
2086 4399 2135 4483 fa·
