4475 5900
733 445 754 588 l
790 453 901 642 1⁷)

161 699 316 792 tatione
346 699 428 820 poli
463 721 505 792 et
520 699 692 790 rhombo
724 701 894 791 formare
925 703 1089 819 possmt.¹
1144 703 1232 793 Poll
1265 707 1389 810 uarias
1414 711 1485 796 de*

157 857 270 918 mum
303 837 574 922 meditationes
605 836 740 920 incidit
769 838 809 919 in
841 838 1004 922 modum
1037 839 1265 948 quendam,
1297 863 1351 922 ex
1368 838 1483 922 theo·

157 962 213 1044 ria
250 965 446 1073 grauitatis
482 986 692 1074 corporum
733 963 932 1074 petitum,
980 967 1029 1050 de
1068 989 1147 1078 quo
1184 990 1265 1050 non
1304 968 1482 1071 dubitat,

158 1111 253 1174 eum
300 1094 391 1178 huic
432 1092 636 1176 intentioni
676 1087 786 1204 posse
824 1091 1041 1178 satisfacere.
1107 1093 1305 1212 Quoniam
1339 1095 1483 1178 scilicet

156 1219 294 1302 nostro·
320 1241 499 1329 tempore
516 1243 584 1328 per
614 1220 784 1304 indubias
812 1223 980 1304 rationes
1009 1240 1049 1304 et
1063 1223 1344 1306 obseruationes
1366 1247 1483 1308 com·

153 1367 313 1456 pertum
353 1347 567 1453 habemus,
596 1350 823 1458 grauitatem
856 1373 1068 1460 corporum
1111 1353 1153 1435 in
1181 1349 1331 1434 diuersis
1362 1367 1484 1434 terrae
1605 1431 1616 1446 ,

151 1472 252 1559 locis
289 1499 371 1559 non
412 1467 592 1560 eamdem
621 1473 711 1584 effe,
739 1474 800 1560 sed
832 1473 1048 1564 recedendo
1078 1477 1128 1562 ab
1160 1495 1363 1591 requrtore
1392 1503 1485 1563 ver·

154 1604 212 1687 sus
243 1604 357 1716 polos
391 1606 431 1688 in
466 1602 662 1700 constanti,
695 1604 863 1717 quadam
902 1608 1162 1717 proportione
1202 1607 1396 1714 cresccre,
1428 1608 1486 1690 sa·

151 1729 224 1818 cilo
255 1751 391 1844 patet,
422 1733 450 1818 sr
483 1734 594 1816 nobis
623 1734 671 1819 de
701 1733 776 1816 illo
808 1737 1048 1820 incremento
1088 1759 1159 1844 per
1173 1734 1485 1818 obseruationem

151 1861 384 1965 constiterit,
415 1859 626 1943 disbotiam
659 1861 734 1944 loci
766 1859 815 1942 ab
845 1879 1049 1970 ueqtratore
1085 1861 1177 1944 inde
1209 1859 1336 1944 statim
1368 1857 1483 1942 lrabe-

153 1985 203 2069 ti.
269 1982 458 2070 Consueta
487 1985 637 2070 bilance
675 2010 773 2069 vero
802 1986 852 2069 ad
883 1983 960 2072 hoc
993 1987 1280 2072 incrementum
1313 1985 1488 2072 indican-

152 2114 251 2226 dum
300 2113 416 2226 plane
455 2136 535 2197 non
581 2113 868 2219 conueniente,
910 2112 1046 2230 audior
1085 2113 1260 2199 describit
1307 2114 1486 2199 stateram

153 2243 374 2354 quandam,
417 2265 511 2351 quae
539 2265 620 2353 ope
650 2241 798 2348 clateris
827 2241 977 2351 pondus
1005 2265 1229 2354 corporum,
1262 2259 1309 2326 ut
1338 2261 1379 2325 et
1406 2244 1488 2326 eius

150 2370 434 2456 incrementum
483 2368 548 2455 vel
588 2372 883 2456 decrementum
924 2370 989 2480 sub
1020 2371 1171 2477 diuersa
1200 2372 1247 2456 ab
1280 2389 1489 2483 aequatura

156 2497 336 2584 distantiis
375 2495 651 2584 accuratissume
692 2499 857 2584 indicare
895 2500 1012 2592 valet.
1078 2494 1182 2584 Cum
1224 2501 1330 2585 enim
1361 2500 1490 2584 frictio

154 2627 196 2710 in
230 2627 371 2712 stateris
401 2625 539 2739 absque
572 2628 745 2740 singulari
783 2627 916 2712 labore
949 2629 990 2713 in
1007 2646 1158 2713 tantum
1192 2627 1371 2714 imminui
1400 2625 1491 2739 pos·

156 2756 201 2840 sit
218 2799 240 2866 ,ν
261 2774 305 2840 rt
341 2754 550 2866 sesquilibra
589 2757 741 2840 circiter
765 2756 925 2859 ,onustae
958 2755 1237 2844 differentiame
1269 2756 1380 2840 mirra
1401 2779 1491 2866 gra·
1612 2813 1616 2825 .

153 2886 196 2967 ni
226 2884 445 2969 sensibiliter
478 2883 560 2967 satis
602 2906 737 2971 notare
771 2883 942 2999 poslmt,
983 2884 1160 2971 staterum
1192 2877 1258 2973 ita'
1277 2885 1488 2996 disposuit,

42 3116 49 3124 ‚
154 3032 201 3095 vt
234 3013 272 3093 in
304 3035 349 3093 ea
393 3010 610 3092 differentia
656 3015 766 3094 unius
803 3013 911 3119 grani
949 3017 1071 3093 etiam
1106 3013 1345 3096 differentiae
1378 3013 1491 3095 vuius

150 3139 291 3251 gradus
336 3130 549 3220 latitudinis
596 3134 750 3217 circiter
794 3134 1022 3243 respondeat
1052 3197 1065 3240 ,
1096 3134 1149 3218 ‘si
1188 3158 1232 3217 ea
1280 3132 1491 3245 sesquilibra
1538 3162 1552 3191 ·

152 3264 267 3352 firerit
307 3264 450 3347 onusta.
517 3261 696 3347 Ostendit
736 3279 962 3371 praeterea,
1008 3260 1143 3371 quibus
1205 3260 1333 3345 modis
1359 3262 1491 3347 frislio

156 3397 279 3507 magis
314 3392 436 3477 adbuc
477 3388 592 3501 pollrt
617 3378 844 3493 imminui,
878 3408 925 3473 vt
943 3386 1065 3493 'huius
1094 3388 1231 3497 gradus
1268 3388 1388 3473 etiam
1420 3392 1490 3477 ali·

154 3546 248 3634 quot
294 3519 558 3607 subdiuisronea
601 3516 732 3603 haberi
777 3515 952 3626 possut,
1002 3536 1050 3599 ut
1098 3516 1198 3599 adeo
1237 3516 1310 3599 rix
1350 3519 1490 3603 vitium
1617 3593 1619 3613 ,

156 3653 325 3761 quinque
365 3648 588 3733 milliarium
641 3647 682 3748 *iu
725 3643 960 3729 diiudicanda
1000 3640 1202 3727 latitudine
1239 3648 1492 3731 committere

156 3778 290 3885 liceat,
326 3778 364 3860 id
396 3776 502 3886 quod
535 3799 609 3885 pro
640 3774 760 3883 scopo
792 3790 990 3856 nautarum
1035 3768 1199 3878 sufficit,
1229 3770 1494 3871 instrumentis

152 3890 260 3996 enim
301 3907 372 3991 suis
413 3906 545 3989 etiam
574 3906 616 3987 in
647 3903 909 3986 oblematione
940 3898 1199 3984 astronomica
1241 3898 1317 3981 tale
1348 3884 1491 3987 uitium

155 4040 299 4137 euitare
339 4051 546 4142 nequeunt.
611 4029 826 4117 Adhibebit
875 4050 1027 4139 quoque
1077 4025 1179 4111 hanc
1223 4027 1493 4113 inuentionem

155 4163 390 4251 combinatis
439 4160 521 4243 aliis
565 4157 677 4245 sunul
718 4156 881 4247 subsidiis
918 4156 966 4241 ad
999 4180 1147 4239 nouum
1179 4155 1344 4241 modum
1376 4183 1494 4242 mon·

158 4292 383 4393 strandum,
421 4312 501 4398 quo
542 4286 750 4399 longitudo
796 4285 915 4368 maris
955 4282 1089 4395 absque
1118 4281 1200 4367 vlla
1223 4282 1498 4369 ‘obseruatione
1608 4311 1613 4318 ·

158 4422 417 4509 astronomica
447 4416 496 4503 ad
528 4416 690 4531 quoduis
732 4430 1015 4517 momentum,
1056 4410 1220 4524 tutiori,
1257 4437 1377 4527 quarn
1427 4411 1495 4498 bn·

156 4550 292 4637 neura
329 4544 469 4657 licuit,
509 4547 661 4661 modo,
690 4544 847 4658 reperiri
878 4540 1002 4656 poffit.
1431 4664 1467 4755 e

528 4690 536 4707 ·
758 4698 782 4759 e
1468 4729 1482 4755 .
