4475 5900
734 431 827 514 216
1015 337 1258 510 isauron
1290 391 1552 500 nomana
1583 385 1844 494 curuum
1886 341 1911 486 .’

730 654 809 741 tiae
840 575 1067 738 minuendae
1096 643 1220 756 gracia
1250 638 1462 744 adornata,
1494 571 1629 742 abitrue
1658 627 1834 715 ulteriori
1863 621 2070 742 descripti·

734 805 813 869 one
835 774 1078 886 intelliginu.
1140 769 1283 884 Poterit
1314 787 1466 878 quoque
1498 755 1750 868 insuperiori
1792 773 1902 868 parte
1930 755 2065 867 palae,

732 898 844 994 extra
874 927 1011 1013 aquam
1039 899 1270 1016 constituta,
1301 894 1459 978 maioris
1488 885 1692 972 finuitatis·
1715 885 1837 998 gratia
1868 882 2066 973 brachium

736 1031 948 1145 adplicati,
978 1027 1083 1138 qnod
1113 1024 1230 1112 valetis
1261 1019 1410 1108 uefillat.
1471 1011 1580 1102 Dico
1607 1011 1799 1098 eiusmodi
1838 1033 1955 1100 remo
1997 1034 2069 1122 pen

735 1181 880 1276 paucos
913 1154 1089 1242 homines
1121 1175 1258 1240 narsem
1289 1146 1504 1234 onemriam
1539 1137 1667 1226 mtdto
1696 1137 1862 1226 celerius
1885 1157 1927 1224 ec
1954 1161 2070 1226 com·

741 1286 896 1378 modius
923 1284 1149 1397 promoueri
1181 1273 1316 1392 poli,
1345 1297 1463 1388 quam
1495 1269 1637 1374 eodcrn
1686 1265 1947 1380 operariorum
1995 1289 2069 1386 nu·

741 1436 859 1502 mero
886 1411 1073 1498 consuetis
1102 1407 1194 1493 alias
1224 1403 1353 1489 modis
1382 1397 1557 1488 adhibitis
1587 1392 1672 1480 ficri
1697 1396 1797 1482 licet.
1865 1393 1975 1480 Patet
1992 1390 2070 1479 unc
2209 1407 2210 1418 ¹

742 1539 890 1656 partim
921 1561 975 1622 ex
1003 1520 1130 1621 modo
1159 1531 1301 1642 ditiis,
1329 1529 1472 1644 partim
1503 1547 1557 1610 ex
1588 1521 1782 1612 subrues
1808 1521 1955 1610 caludo
1987 1521 2071 1608 eui·

745 1667 898 1754 dentius
928 1659 1125 1750 emere.

860 1791 899 1896 §-
916 1819 961 1896 4.
995 1785 1107 1876 lam
1139 1790 1246 1877 nauis
1275 1789 1317 1878 in
1348 1809 1441 1900 aqtu
1471 1797 1751 1897 promouetur,
1782 1782 1882 1870 cirea
1905 1803 2073 1870 moten-

744 1935 805 2006 tes
834 1918 1005 2032 aequales
1035 1913 1114 2002 effe
1145 1919 1286 2004 debent
1315 1913 1571 2022 residentiae,
1604 1935 1722 2024 quam
1772 1911 1947 1998 neusin
1978 1931 2076 2024 aqm

745 2046 813 2132 sub
845 2058 956 2134 motu
996 2049 1151 2156 patinu.
1201 2041 1307 2128 Cum
1337 2045 1417 2128 iam
1450 2041 1543 2128 haec
1591 2039 1790 2126 celiilemia
1839 2039 2001 2151 temnis
2028 2037 2077 2124 fit

746 2175 821 2285 ui,
851 2196 967 2286 qnam
998 2175 1100 2258 nauis
1131 2171 1324 2284 exciperet
1372 2168 1618 2274 immobilis,
1664 2167 1890 2254 liflumem
1936 2167 2074 2253 mdeun
2213 2222 2214 2278 3

748 2302 940 2386 celeritate
969 2301 1010 2384 in
1039 2323 1177 2386 nauem
1207 2282 1441 2404 incurreret,
1473 2321 1546 2407 qua
1576 2297 1681 2384 nauis
1711 2295 1939 2407 'prornotuti
1988 2292 2076 2408 liup-

748 2432 939 2544 ponitnr5
966 2429 1028 2514 uis
1057 2428 1120 2513 illa
1149 2449 1201 2512 ex
1231 2426 1376 2538 legibus
1403 2424 1630 2532 hydraulicis
1667 2425 1813 2536 poterit
1847 2423 2076 2510 detemrina·

749 2559 797 2644 ri.
861 2556 932 2642 Est
961 2554 1067 2639 enim
1098 2554 1163 2640 illa
1195 2555 1252 2638 uis
1283 2551 1579 2668 proportionalis
1609 2553 1792 2665 quadrato
1806 2551 1976 2639 celeritas
2006 2549 2076 2638 flu·

749 2685 866 2768 minis
893 2700 933 2766 et
963 2681 1120 2794 aequalis
1149 2681 1353 2767 columnae
1385 2693 1521 2794 aqueae
1551 2681 1629 2764 eits
1666 2679 1869 2766 altinudinie
1907 2703 1966 2764 ex-
2002 2701 2079 2790 qua

750 2811 920 2896 celeritas
949 2808 1014 2894 illa
1044 2807 1146 2922 lapsu
1186 2803 1448 2922 proficiscitur.
1514 2805 1709 2893 Nolumus
1758 2805 1825 2892 hic
1870 2807 2078 2894 adtendere

710 3014 721 3033 .
749 2937 799 3027 ad
830 2935 1095 3052 distrepantias
1125 2938 1179 3039 ab„
1202 2936 1274 3025 hae
1307 2935 1467 3051 regula,
1499 2958 1593 3049 quae
1624 2961 1677 3019 ex
1708 2934 1933 3023 cohaeiione
1961 2958 2078 3049 aqaue
2216 3002 2217 3007 a

751 3067 952 3176 oriunnn,
981 3092 1075 3153 cum
1105 3066 1191 3153 illae
1220 3066 1391 3151 nondum
1423 3062 1507 3148 satis
1541 3066 1810 3151 detemunatae
1841 3085 1882 3152 et
1913 3090 1990 3179 pro
2006 3089 2079 3151 no·

753 3192 831 3281 llro
861 3194 978 3303 scopo
1007 3194 1080 3277 cix
1109 3190 1394 3277 cosiderabiles
1422 3189 1506 3275 srnt.
1588 3187 1760 3303 Cognito
1794 3194 1875 3281 iam
1923 3192 2076 3307 spatio,

744 3320 858 3430 quod
891 3342 1028 3427 corpus
1056 3342 1171 3429 graue
1201 3318 1373 3405 cadendo
1403 3318 1502 3405 intra
1535 3320 1723 3406 minutum
1772 3321 1979 3409 secundum
2010 3321 2076 3405 ab·

752 3444 865 3532 soltrit
894 3447 1116 3559 cognitaque
1146 3448 1334 3532 celeritate
1364 3444 1529 3534 fluminis
1560 3448 1722 3533 altitudo
1762 3450 1824 3535 illa
1874 3453 2077 3537 columnae

693 3693 697 3699 Δ
750 3596 892 3688 annae
922 3576 1064 3685 poterit
1095 3577 1262 3683 reperii.
1330 3559 1449 3660 inem
1467 3578 1648 3687 exiguum
1682 3579 1787 3663 enim
1824 3598 1978 3693 tempus
1992 3602 2076 3663 cor·

754 3728 851 3815 pora
878 3707 1052 3789 cadeudo
1082 3703 1314 3789 celeritatem
1346 3704 1575 3813 adquirunt,
1605 3729 1679 3815 qua
1709 3710 1929 3795 conculcato
1963 3724 2077 3793 motu

752 3824 854 3917 intra
884 3830 988 3916 idem
1018 3851 1172 3941 tempus
1199 3828 1296 3915 casus
1326 3829 1486 3940 duplum
1527 3830 1730 3917 altitudinis
1778 3833 1940 3946 spatium
1988 3856 2078 3943 peta

754 3982 901 4044 carrae
931 3959 1092 4045 valeam.
1126 4008 1132 4019 ·
1160 3960 1351 4065 Adeoque
1383 3956 1412 4045 sr
1442 3955 1542 4041 llam
1575 3958 1746 4047 dicamus
1760 3990 1784 4051 c
1799 3963 2078 4070 ‚altitudinem

756 4086 961 4171 columnae
992 4109 1133 4197 aqueae
1163 4086 1371 4199 prementis
1384 4112 1435 4193 x,
1463 4081 1627 4195 spatium
1658 4090 1757 4175 casus
1772 4094 1869 4177 intra
1907 4084 1972 4173 1“
1987 4114 2079 4175 :a

606 4290 613 4302 ,
757 4214 834 4293 erit
863 4236 915 4295 ex
946 4213 1138 4333 principiis
1168 4212 1397 4303 mechanicis
1417 4238 1720 4305 επιστ-’σευ
1739 4220 1798 4303 uel
1818 4208 2076 4325 c'24'aze.

578 4382 588 4391 -
758 4332 920 4425 inuenta
950 4338 1001 4451 lic
1032 4340 1229 4463 altitudine
1266 4342 1470 4432 columnae
1519 4368 1688 4459 aqueae,
1736 4370 1788 4437 ex
1816 4350 1911 4437 dato
1910 4348 2083 4565 tagliano

1349 4505 1352 4510 ¹
2011 4497 2083 4559 en-
