4475 5900
173 546 438 642 utamur
454 549 523 640 nr
540 543 800 665 asmona
815 535 1390 678 permanserant.
1405 567 1496 670 267

174 705 291 809 tionis
363 703 637 822 ralidisfimo.)
688 706 884 826 Simulque
932 717 1043 828 plus,
1098 743 1213 829 quam
1262 718 1505 838 dimidiam,

172 860 334 946 eamque
382 839 598 922 inferiorem
631 862 670 921 et
702 842 901 950 mediam,
942 869 1095 956 partem
1137 845 1360 956 cartilaginis
1409 851 1505 958 sier-¹

171 964 215 1044 ni
247 965 376 1074 tegit,
422 966 486 1048 sub
517 967 658 1050 attactu
695 969 851 1054 musculi
896 977 1088 1085 utriusque
1119 974 1394 1062 absconditam:
1442 979 1499 1058 in·

168 1093 219 1175 de
249 1112 376 1176 autem
408 1097 455 1178 ad
488 1093 724 1179 insertionem
759 1095 862 1182 suam
897 1103 1011 1186 dudio
1028 1105 1158 1188 lunato
1175 1125 1398 1208 connexus,
1430 1105 1506 1220 deff

168 1221 260 1304 inde
290 1221 460 1332 obliquus
491 1229 683 1336 utrimque
716 1223 964 1338 adscendens,
995 1251 1146 1340 partem
1180 1231 1414 1342 superiorem
1440 1233 1504 1344 di«v

168 1343 256 1433 siae
283 1349 511 1459 cartilaginis
541 1350 663 1433 llerno
693 1349 950 1464 continuam,
981 1359 1156 1463 liberam,
1189 1362 1399 1472 relinquit,
1441 1379 1496 1444 at·

168 1500 243 1588 que
276 1473 408 1580 fibris,
438 1503 534 1586 quae
573 1477 737 1564 limbum
788 1480 1008 1588 interiorem
1059 1487 1320 1593 constituunt,
1373 1489 1497 1598 magis
1593 1521 1595 1526 ·

165 1604 371 1688 contradis
402 1602 573 1689 inseritur
589 1605 805 1718 cartilaginis
822 1611 943 1695 coliae
960 1613 1142 1721 septimae
1158 1635 1338 1700 extremo
1361 1618 1495 1726 proxi·

165 1759 267 1838 me,
301 1734 368 1817 vbi
399 1734 476 1818 hoc
508 1761 596 1818 cum
626 1733 753 1820 sterno
781 1735 953 1844 sulcato,
984 1765 1050 1848 per
1068 1741 1151 1823 leue
1181 1741 1370 1826 mobilem
1404 1743 1505 1858 arti·—

163 1860 327 1968 culum,
359 1863 558 1972 iungitur,
591 1883 700 1972 atque
731 1864 816 1946 inde
835 1867 1050 1950 extrorsum
1080 1867 1128 1950 ad
1161 1867 1493 1954 continuationem

160 1991 333 2072 extremi
365 1991 483 2074 medii
512 1992 618 2074 iuxta
650 1989 685 2073 se
717 1988 1008 2106 adscendentis,
1049 2019 1175 2107 neque
1207 2019 1378 2106 unquam
1410 1996 1495 2080 ridi

160 2118 228 2201 vel
261 2121 417 2202 unicam
437 2116 575 2201 fibram
608 2117 807 2202 lateraliter
837 2117 945 2229 infigi
978 2123 1190 2232 cartilagini
1224 2142 1495 2230 mammatae,

160 2245 295 2330 multo
327 2248 453 2330 minus
483 2246 552 2356 ipsr
581 2244 649 2330 ulfi
682 2247 876 2357 pectoris,
910 2249 971 2334 sed
1003 2251 1163 2334 obsetuo
1210 2249 1322 2336 fibras
1371 2255 1494 2363 graci-

161 2376 248 2482 les,
281 2394 408 2460 tenues
444 2391 483 2456 et
515 2376 677 2486 planas,
706 2373 970 2486 splendentes,
1001 2379 1089 2458 oriri
1121 2403 1172 2459 ex
1206 2380 1333 2462 media
1366 2399 1406 2480 et
1435 2379 1494 2464 su·

159 2503 317 2614 periore
348 2523 457 2615 parte
488 2503 688 2608 eiusdem,
720 2528 816 2613 quae
847 2500 997 2586 decursu
1028 2503 1126 2587 inter
1157 2504 1192 2590 se
1222 2500 1422 2616 parallelae
1446 2508 1493 2592 li-

157 2650 388 2742 gamentum
418 2627 585 2715 formant
601 2615 712 2713 tenue
731 2697 744 2738 ,
760 2631 821 2716 sed
853 2630 1046 2716 robustum
1085 2631 1148 2744 (1)
1167 2700 1177 2740 ,
1196 2659 1273 2718 nou
1292 2635 1406 2720 valde
1438 2633 1484 2718 la·
1499 2631 1693 2782 {9³23}

158 2778 284 2868 tum,
313 2757 415 2870 quod
448 2758 598 2852 oblnue
630 2757 757 2842 uersus
786 2753 1043 2870 cunilagiuem
1076 2748 1203 2846 costae
1233 2761 1417 2873 septimae
1434 2760 1506 2846 su·.
1524 2737 1592 2798 '⁸⁶¹'

156 2915 236 2999 per
254 2885 599 2972 musculosasfibras
631 2887 849 2995 extensum,
866 2889 969 2998 supra
996 2889 1132 2975 lurum
1160 2890 1396 2977 insertionem
1432 2893 1508 2975 in·'

154 3040 334 3121 ternam,
355 3017 406 3099 illi
437 3016 606 3125 infigitur
622 3014 691 3130 (a).
739 3010 895 3105 Retinet
913 3015 989 3099 hoc
1020 3017 1274 3123 ligamentum
1305 3018 1491 3127 cartilagi-

152 3170 258 3228 nem
289 3145 433 3229 didam
466 3145 513 3227 ad
547 3133 712 3226 sternam
747 3144 788 3226 in
821 3143 889 3228 sttu
920 3142 1161 3253 depressam,
1193 3170 1318 3255 quae,
1350 3147 1492 3231 eodem

152 3272 339 3379 desciss0,
368 3272 546 3383 prosulit3
578 3296 628 3353 an
662 3296 753 3353 vero
784 3271 922 3383 aliquid
954 3273 1072 3355 etiam
1105 3271 1247 3355 efficiat
1280 3274 1317 3356 in
1337 3273 1492 3357 musculi

154 3400 394 3487 ualidilsrme
412 3401 556 3511 agentis
581 3418 760 3482 extremo
778 3398 938 3508 angu10,
957 3424 1074 3508 quem
1093 3401 1209 3511 tegit,
1236 3400 1489 3505 'coe'rcendo,

154 3533 231 3612 uix
270 3529 435 3613 affirmo.
492 3528 634 3638 Neque
655 3529 793 3638 reliqua
831 3524 987 3610 musculi
1019 3526 1125 3637 supra
1162 3529 1292 3636 pecus
1318 3528 1491 3614 extensio

151 3659 332 3767 partibus
345 3656 517 3741 subiediis
533 3681 604 3766 per
622 3654 735 3739 fibras
752 3654 973 3739 musculares
1003 3664 1189 3763 carnosas,
1215 3656 1279 3737 rel
1313 3658 1491 3743 tendinu-

150 3786 243 3889 srs,
280 3786 476 3898 affigitur,
526 3803 589 3867 aut
621 3786 669 3867 ab
702 3785 836 3868 iisdem
878 3808 950 3895 per
982 3782 1048 3867 has
1081 3809 1211 3868 oruun
1246 3784 1379 3891 ducit,
1428 3781 1491 3871 sed

151 3914 426 4017 molliterlris
457 3913 672 3999 anneditur
703 3910 902 4023 superficie
932 3912 990 3995 sua
1024 3911 1184 3996 instriori
1225 3938 1295 4023 per
1334 3934 1492 4024 tegmen

148 4064 279 4126 tenue
312 4040 558 4149 cellulosum,
590 4041 691 4147 quod
724 4040 764 4123 in
797 4042 917 4126 obelis
957 4040 1174 4151 pinguescit.
1251 4036 1344 4151 Sic,
1384 4062 1489 4127 ante·

148 4199 277 4284 quam
317 4173 499 4279 finditur,
532 4173 629 4279 tegit
668 4168 909 4266 latitudinem
943 4168 1110 4279 pennus
1141 4170 1354 4281 interioris,
1396 4196 1506 4299 quae

148 4306 256 4385 inter
293 4300 433 4385 lineam
467 4302 594 4384 albam
628 4318 667 4380 et
698 4296 819 4383 finem
852 4298 1077 4407 cartilaginis
1105 4298 1233 4381 collare
1253 4324 1375 4385 nouae
1404 4301 1507 4407 estq¹

147 4456 271 4543 atque
304 4451 467 4514 externo
485 4427 550 4512 suo
567 4428 682 4511 latere
697 4424 936 4538 adscendens,
961 4426 1072 4511 huius
1086 4447 1305 4535 extremum
1326 4415 1506 4536 ,deinde

149 4560 282 4643 finem
303 4560 523 4669 cartilaginis
538 4556 665 4642 costae
691 4556 869 4664 ostauae,
889 4574 929 4642 et
945 4556 1128 4668 septimae
1144 4556 1290 4640 circiter
1314 4572 1489 4664 quartam

147 4690 336 4771 mediam
356 4684 727 4795 extremam,sextae
743 4684 1188 4799 mediam,longitudinis
1205 4701 1490 4795 panem,atque
1574 4680 1578 4689 '
1623 4774 1627 4783 ¹

742 4814 823 4900 Ll
858 4839 881 4894 a
1435 4812 1489 4891 in·
1542 4840 1544 4846 ⁴

246 4912 253 4921 ·
315 4981 376 5061 su)
397 4964 605 5033 ll'errbrecuu'
629 4960 914 5058 byudesmologiae
942 4958 1024 5029 lab.
1052 4952 1149 5025 XlV.
1178 4952 1228 5021 st.
