4475 5900
506 465 738 634 meta-2
769 501 798 568 0
830 469 1073 598 betete-'-
1392 483 1463 594 ‘ae

125 695 607 832 INDAGATIO
651 709 1055 837 FOCORVM
1094 707 1178 830 IN
1218 705 1462 836 OMNI-

416 903 519 1004 BVS
550 903 757 998 CVRVIS
792 908 1171 1006 POSSIBILIBVS.

681 1056 884 1120 avctoue

577 1161 632 1255 G.
664 1171 739 1260 W.
776 1165 1014 1266 KRAFFT

733 1365 770 1464 §.
811 1388 853 1444 1.

128 1543 349 1786 Veteres
378 1581 598 1682 geometrae
642 1566 736 1654 intra
766 1565 887 1654 sobam
935 1570 1212 1683 geometricam
1240 1567 1459 1658 confident·

266 1695 418 1784 tionem
450 1697 658 1782 sectionum
696 1701 916 1782 conicarnm
973 1725 1036 1788 aut
1068 1701 1231 1784 aliarum
1270 1701 1454 1782 lineatum

125 1845 358 1932 cumanam,
390 1828 438 1910 ab
468 1825 556 1936 ipsas
585 1828 927 1932 examinatarum,
956 1826 1221 1934 substiterunt,
1255 1848 1376 1934 neque
1405 1825 1454 1909 ad

125 1950 210 2034 usus
252 1951 430 2060 phyficos
467 1953 547 2036 ilias
577 1953 759 2062 adoptare
787 1951 1022 2037 conati-suat.
1087 1951 1246 2036 Pastum
1263 1954 1352 2036 hinc
1371 1952 1455 2059 est,

126 2095 175 2161 'rt
206 2073 420 2192 Apollonius
453 2077 671 2186 Pergam,
702 2077 997 2188 diligentissimus
1013 2080 1108 2162 inter
1134 2083 1305 2190 antiquos
1326 2077 1458 2162 festio·

124 2229 218 2289 num
253 2209 473 2291 conicarum
505 2203 713 2312 scrutator,
741 2208 791 2288 de
823 2205 912 2288 foco
941 2207 1173 2316 parabolae,
1208 2233 1320 2318 quem
1338 2205 1456 2290 hodie

121 2357 341 2444 vocamus,
383 2333 494 2444 plane
526 2353 684 2444 taceat3
716 2331 821 2418 focos
855 2331 1024 2444 ellipseos
1057 2355 1183 2420 autem
1218 2355 1257 2418 et
1307 2333 1453 2444 hyper,-

122 2461 240 2546 bolae
292 2463 460 2574 appellet
508 2486 587 2546 nou
635 2459 769 2570 meos,
802 2460 864 2546 Η
891 2461 1031 2574 parda
1080 2487 1131 2548 ex
1179 2470 1458 2576 comparatione

117 2587 262 2698 sassa,
293 2613 345 2674 ex
374 2591 664 2700 comparatione
695 2587 833 2674 scilicet
863 2591 983 2700 aliqua
1027 2589 1300 2676 mathematica
1328 2591 1456 2700 saeta,

120 2715 198 2802 fine
231 2719 342 2804 omui
379 2718 551 2830 respectu
589 2718 637 2802 ad
671 2716 778 2802 usum
828 2721 1015 2826 quendam
1066 2717 1263 2828 physicum
1314 2721 1455 2805 exinde

120 2843 402 2957 hauriendum,
433 2850 498 2961 qui
526 2869 670 2957 nempe
704 2871 757 2930 ex
787 2863 913 2930 natura
947 2847 1038 2932 lucis
1090 2845 1284 2931 utilissime
1334 2847 1453 2932 bodie

121 2975 251 3086 potest
282 2975 421 3057 exinde
453 2976 628 3059 deriuari.
671 2972 783 3057 Solus
818 2976 983 3061 Euclides
1041 2980 1082 3057 in
1116 2978 1277 3061 amdam
1312 2976 1359 3058 de
1389 3000 1454 3060 ca·
1630 2962 1634 2974 ⁶

119 3100 323 3209 toptticis,
358 3102 422 3207 qui
452 3099 527 3208 ipfi
557 3097 765 3199 tribuitur,
799 3098 954 3207 Pmpos.
986 3096 1064 3179 111.
1098 3101 1212 3180 docet
1229 3163 1242 3206 ,
1258 3125 1338 3209 quo
1364 3124 1452 3183 mo·

119 3231 173 3315 tio
227 3226 322 3311 radii
354 3224 513 3331 bures,
548 3216 688 3307 statutis
731 3224 975 3329 geometricis
1022 3224 1271 3328 obedientes,
1320 3228 1450 3333 igtrem

122 3356 286 3466 aliquem
320 3317 484 3439 escherte
518 3348 687 3465 possint,
719 3350 816 3435 dum
851 3354 891 3433 iu
923 3349 1055 3433 mcum
1086 3353 1315 3462 colliguntur
1333 3352 1451 3463 isiapfi

123 3508 275 3569 omnes.
339 3479 446 3586 Sed,
476 3500 524 3565 ut
573 3477 804 3564 felicissimus
851 3476 922 3563 fitit
952 3482 992 3562 in
1042 3482 1243 3563 ratiociniis
1290 3506 1453 3590 geome-

92 3613 255 3723 tricis,
292 3614 344 3695 sta
377 3608 509 3695 iufeiix
539 3608 607 3691 fitit
638 3610 677 3689 in
711 3604 970 3715 applicatione
1002 3607 1075 3691 hac
1125 3608 1311 3717 physica,
1358 3634 1450 3696 cum

123 3766 266 3850 nempe
298 3735 512 3823 inconsueta
546 3738 703 3820 illorum
733 3732 939 3821 seculontm
982 3736 1135 3845 vestigia
1189 3738 1452 3847 ingrederetur.
1542 3846 1548 3853 ,

104 3868 275 3964 ,Falsum
309 3870 415 3951 euim
447 3864 598 3977 specuso
626 3862 797 3947 circulari
827 3863 956 3949 focum
975 3889 1052 3947 non
1068 3864 1261 3974 affignauit
1275 3866 1451 3973 quidem,

124 3996 184 4083 sed
224 4000 352 4108 potius
401 4019 453 4077 ex
486 3992 571 4079 sassa
602 3990 806 4103 hypothesi
857 3994 1013 4103 physica
1060 3982 1167 4077 illum
1208 3993 1377 4103 legitima
1393 4013 1465 4075 ta··

128 4150 220 4210 meu
250 4122 511 4234 consequentia
540 4121 711 4208 deduxit.
776 4118 853 4205 Sed
887 4142 1127 4207 memoratur
1158 4123 1279 4205 etiam
1307 4120 1453 4207 Archi·

128 4254 268 4336 medem
285 4252 432 4337 edidisse
466 4252 665 4335 crustatum
698 4251 746 4329 dc
766 4240 928 4359 sperulis
946 4253 1126 4364 asturiis,
1158 4252 1300 4359 dequo
1326 4251 1457 4335 uidea-

132 4396 193 4469 tut
242 4376 439 4489 Fabricius
479 4382 523 4467 in
571 4374 825 4489 bibliothecae
873 4404 1028 4493 gtaecae
1076 4379 1144 4469 lib.
1183 4373 1264 4467 ΙΙΙ.
1308 4406 1345 4463 c.
1382 4404 1455 4461 22.

525 4529 528 4535 “
1309 4504 1460 4594 Verum

138 4698 169 4761 st.
