4475 5900
526 427 614 538 on
640 443 849 542 Russus
880 388 1159 543 furmure:
1422 469 1512 555 aas

191 675 277 785 eil,
306 691 347 762 et
377 672 492 761 ueluti
521 699 547 762 e
579 678 734 788 gummi
755 677 929 765 Arabico
960 676 1158 787 conflata,
1188 677 1366 768 cottione
1397 700 1444 770 ut
1474 685 1519 770 in

190 805 348 916 piscibus
395 807 583 889 induratur
622 825 664 891 et
695 808 852 892 candida
884 810 1023 892 euadit.
1089 806 1203 893 Oculi
1236 803 1412 894 externe
1432 813 1516 922 pal-

189 928 318 1044 pebris
348 931 573 1020 instruuntur
602 953 652 1018 et
674 933 799 1041 ciliis,
847 934 979 1019 Oculos
1009 935 1225 1045 panniculus
1272 937 1444 1023 carnosus
1473 938 1517 1028 in

189 1057 333 1144 cantho
363 1060 516 1144 maiori'
531 1061 748 1180 delitescens
763 1059 822 1146 'ut
861 1063 918 1144 in·
941 1065 1112 1170 noctua,
1141 1049 1295 1176 phoca,
1337 1069 1515 1177 manati,

187 1187 279 1273 lutra
313 1192 464 1274 marina·
482 1189 681 1298 exigente·
698 1187 907 1274 necestitate
947 1189 1113 1276 obuelat.
1584 1199 1588 1210 '

306 1310 508 1406 Aniculae
538 1336 717 1400 externae
745 1335 790 1399 ut
819 1318 861 1399 in
890 1316 1005 1401 leone
1041 1319 1192 1402 marino
1220 1339 1261 1403 et
1296 1318 1391 1406 lutra
1428 1339 1516 1408 ma·
1624 1359 1628 1370 ·

186 1445 267 1529 rina
297 1441 334 1526 se
361 1441 534 1549 habent,
564 1466 740 1552 pantae,
770 1455 933 1549 acutae,
965 1443 1150 1551 tonicae,
1173 1446 1326 1554 frigidae
1359 1465 1401 1530 et
1433 1473 1515 1536 ere·

187 1572 273 1657 nae
301 1571 411 1677 sunt,
443 1567 661 1655 breuilbmis
692 1571 781 1680 pilis
812 1570 965 1676 tedae,
983 1571 1083 1653 intus
1098 1571 1247 1679 glabrae
1278 1593 1318 1656 et
1341 1575 1515 1686 politae,

114 1773 121 1789 .
186 1699 287 1783 rima
327 1637 448 1782 saltim
480 1697 644 1804 oblonga
676 1717 716 1780 et
746 1697 901 1806 angusta
932 1713 1134 1805 patentes,
1166 1723 1287 1807 quas,
1320 1701 1415 1784 dum
1447 1701 1512 1790 sub

182 1829 316 1939 aquis
332 1845 533 1932 moratur,
581 1821 806 1929 contrahere
841 1841 909 1929 et,
944 1847 995 1905 ne
1024 1849 1118 1933 aqua
1153 1827 1311 1930 innunt,
1341 1827 1514 1915 claudere

184 1946 343 2080 potest,
375 1954 464 2075 poli
492 1975 598 2036 autes
626 1948 689 2035 sub
707 1969 793 2035 cute
811 1949 1033 2060 parotides,
1051 1976 1116 2035 out
1105 1951 1346 2037 columbini
1362 1956 1513 2066 magni·
1620 2047 1622 2054 Α

182 2071 324 2167 tudine
342 2084 495 2187 iacent,
526 2104 550 2162 e
583 2078 711 2162 multis
741 2079 868 2214 paruis
897 2095 938 2161 et
967 2077 1054 2160 laxe
1092 2068 1383 2166 cohaerentibus
1405 2083 1515 2194 glan

182 2211 276 2294 dolis
296 2209 565 2335 conglobatae

180 2370 187 2382 ·
300 2333 456 2422 Collum
493 2338 652 2421 trallunt
672 2335 856 2473 ,paritet
885 2357 930 2416 ac
961 2335 1147 2446 reliquum
1167 2361 1327 2446 corpus,
1363 2361 1406 2424 ac
1423 2339 1513 2427 fitis

182 2468 287 2552 bona
326 2469 580 2576 proportione
628 2461 807 2570 gaudet‚·'
837 2462 938 2545 cirta
975 2463 1128 2572 lumbos
1159 2485 1258 2548 ueto
1293 2465 1339 2550 ad
1388 2490 1511 2553 anum
1631 2549 1635 2558 ,

181 2619 304 2706 usque
337 2593 457 2677 libito
488 2588 696 2701 decresci13
729 2587 1016 2674 curiofiffimum
1048 2611 1091 2673 et
1123 2591 1165 2672 in
1198 2613 1277 2699 quo
1308 2591 1359 2676 ab
1373 2595 1511 2678 omni

180 2717 251 2808 bus
266 2721 491 2806 animalibus
522 2656 750 2802 terrestribus
766 2735 818 2800 et
850 2698 1054 2801 maritimrs
1062 2735 1277 2827 ‚excepto
1292 2718 1406 2804 leone
1420 2745 1510 2808 ma·

177 2841 266 2935 rino
282 2838 457 2960 ‚primo
474 2846 596 2932 statim
626 2841 761 2931 intuitu
778 2843 1040 2954 distinguitur,
1057 2846 1189 2956 pedes
1218 2843 1304 2930 sunt
1334 2867 1416 2936 tam
1434 2875 1506 2939 an·

178 2981 366 3081 teriones,
399 3003 515 3089 quam
547 2975 782 3085 posteriores.

188 3134 192 3144 ·
240 3101 244 3107 ’
297 3106 413 3192 Pedes
445 3134 489 3209 4.
522 3129 616 3214 quos
645 3098 931 3212 quadrupedum
963 3097 1078 3184 instar
1107 3093 1253 3206 habet,
1283 3124 1387 3185 uoco
1417 3103 1506 3216 pin-

117 3284 120 3288 ·
177 3251 317 3342 natos,
346 3234 400 3318 ob
430 3235 469 3318 id
500 3232 605 3344 quod
652 3228 724 3313 illis
762 3228 913 3312 incedat
929 3264 954 3335 ,·
989 3229 1109 3336 iisque
1157 3226 1294 3312 infistat
1342 3232 1503 3341 quadrus

57 3374 60 3379 ’
178 3356 326 3472 pedum
359 3385 502 3468 more,
531 3360 736 3444 anteriores
765 3355 843 3438 offe
873 3352 1060 3457 humeri,
1091 3352 1212 3460 ulna,
1243 3354 1379 3460 radio,
1415 3366 1504 3445 'cars'

179 3486 239 3602 po
269 3503 310 3571 et
328 3488 574 3599 'metatarpo
620 3488 719 3570 imo·
738 3484 866 3591 digitis
911 3482 1112 3591 constant·²
1160 3480 1386 3590 poileriotes
1424 3485 1504 3575 oss‘e'

177 3614 362 3723 femoris,
394 3616 486 3722 tibia
500 3610 521 3723 ,'
546 3612 690 3721 fibtla,
723 3608 850 3717 tarso,
883 3606 1086 3692 metatarso
1125 3632 1168 3691 at
1199 3608 1383 3717 'digitis:³
1411 3614 1500 3722 pin.

176 3766 291 3831 natos
322 3753 417 3845 uero
427 3764 550 3850 uoto,
567 3743 672 3852 quod
701 3739 931 3823 anteriorum
962 3737 1105 3847 pedum
1138 3732 1274 3843 digiti,
1305 3737 1343 3816 in
1376 3760 1499 3851 unam

158 3874 339 3973 ,mallim
372 3872 531 3977 coaliti,
562 3871 786 3979 pariterue
817 3864 1068 3974 posteriorum
1088 3868 1116 3969 ,'
1149 3863 1213 3971 qui
1244 3860 1426 3950 laciniatis
1456 3882 1502 3953 et

176 4003 404 4087 membrana
451 3990 705 4084 intercedente
756 3991 964 4077 coniundis
1002 3986 1159 4099 digitis
1206 3986 1375 4075 bucdum
1423 3992 1500 4081 cla

172 4130 250 4214 rius
281 4129 544 4239 palmipedum
562 4124 699 4269 pedes
708 4120 904 4253 telenum,
934 4120 1207 4233 pinnammque
1223 4115 1336 4289 ultim
1359 4133 1516 4279 natan-'¹

170 4227 225 4393 do
257 4252 454 4375 praeliant.
693 4284 697 4292 ⁴
1244 4266 1252 4299 ²
1353 4291 1357 4299 ·

1382 4370 1500 4435 ..tul
1648 4374 1650 4379 ’

1379 4504 1498 4599 Pedes
