4475 5900
759 429 856 518 ann
1045 379 1417 494 orannim?
1437 345 1810 494 ANATOMICA

757 641 821 725 bis
851 638 1058 747 descriptus
1072 651 1111 716 et
1143 631 1261 744 plane
1291 629 1485 716 distindius
1515 627 1696 716 musculus
1743 630 1889 719 nullum
1930 635 2090 720 omnino

647 847 694 894 .·
760 768 1043 858 commercium
1076 761 1255 846 habebat.
1321 759 1424 844 Vera
1454 783 1548 869 ergo
1587 761 1730 871 scripsit
1776 763 1930 872 quidem
1983 765 2088 850 Vefi.

764 899 854 1004 lius,
884 892 1091 981 muscadum
1121 890 1321 976 thoracem
1353 887 1595 974 mouentium
1628 890 1805 1000 quintum
1848 886 1987 976 Galeni
2018 892 2089 978 effe

763 1027 880 1115 ueni
909 1022 1235 1108 continuationem
1256 1044 1324 1130 per
1357 1017 1508 1129 penus,
1542 1020 1582 1102 in
1616 1019 1793 1127 canibus,
1825 1018 1964 1130 suniis,
1996 1023 2088 1108 aliis·

758 1181 834 1268 que
864 1150 1122 1256 animalibus,
1154 1147 1315 1258 quibus,
1345 1173 1461 1258 quam
1494 1147 1537 1230 in
1565 1146 1763 1256 homine,
1791 1151 1916 1258 magis
1955 1175 2087 1261 procr-

759 1311 851 1370 rum
885 1280 1190 1396 pennantur,
1222 1273 1371 1384 semper
1401 1276 1687 1360 inueniendum.
1771 1277 1828 1362 Et
1867 1276 1989 1362 fidem
2023 1280 2088 1364 da·

628 1483 634 1492 .
758 1439 849 1498 mua
879 1409 1035 1496 candide
1067 1403 1228 1511 fatenti,
1259 1401 1325 1486 libi
1359 1401 1458 1486 nihil
1474 1403 1596 1488 simile
1610 1404 1652 1485 in
1668 1399 1828 1488 homine
1854 1407 2087 1518 appamllse,

762 1543 851 1651 quia
878 1538 976 1623 calis
991 1535 1139 1618 rarior:
1168 1533 1211 1612 in
1227 1555 1305 1640 quo
1321 1549 1456 1616 tamen
1473 1531 1630 1617 testatur
1645 1531 1828 1620 Riolanus
1846 1528 1915 1648 (a)
1952 1535 2089 1647 bepius

761 1669 830 1755 fibi
847 1665 969 1752 uibm
984 1659 1143 1748 musculi
1168 1659 1285 1746 uem
1301 1661 1600 1772 produdiionem
1617 1661 1925 1747 membranulam
1944 1665 1992 1748 ad
2011 1666 2089 1776 pri·

755 1821 868 1882 mam
903 1792 1068 1878 thoracis
1099 1789 1275 1896 costam,
1306 1789 1407 1876 circa
1423 1790 1575 1902 primae
1597 1807 1637 1874 et
1663 1789 1845 1874 secundae
1877 1792 2008 1876 costae
2031 1795 2089 1880 iu·

756 1921 980 2031 teruallun,
1007 1943 1159 2004 caruem
1190 1917 1418 2028 adquirere,
1450 1945 1566 2031 quam
1600 1943 1675 2034 pro
1708 1917 1884 2031 singulari
1917 1919 2089 2009 musculo

760 2049 931 2140 Gaiano
964 2049 1125 2133 habult:
1157 2065 1198 2131 et
1229 2048 1332 2132 mihi
1356 2043 1540 2163 (praeter
1574 2075 1641 2156 na,
1677 2051 1842 2160 quaein
1877 2050 2091 2136 Albinianis

759 2177 1236 2268 demoulbationibunvidi
1261 2176 1361 2280 bis,
1404 2195 1450 2260 et
1480 2176 1585 2286 scio,
1615 2202 1697 2261 non
1723 2179 1834 2285 vidi,
1882 2180 2017 2291 postea
2051 2184 2089 2266 in

752 2312 909 2396 theatro
937 2306 1179 2395 Auatomico
1194 2302 1315 2390 adhuc
1331 2303 1450 2390 semel
1465 2305 1615 2418 publice
1638 2306 1992 2412 demonstratum.)
2030 2313 2090 2394 in.

581 2474 585 2480 ·
757 2458 817 2524 rer
846 2454 1003 2522 centena
1035 2455 1077 2517 et
1096 2435 1202 2546 plura
1220 2435 1377 2546 propria
1392 2461 1511 2522 manu
1529 2435 1680 2520 dilsella
1695 2436 1903 2544 cadalum,
1928 2441 2091 2549 contigit

756 2569 799 2656 in
814 2567 964 2654 diucius
991 2565 1177 2650 diuersam
1207 2560 1407 2650 obseruare
1424 2625 1438 2672 ,
1455 2585 1496 2650 et
1513 2564 1760 2651 Auditoribus
1793 2565 1945 2676 aliisque
1977 2566 2092 2651 scien·
2207 2575 2208 2588 '

757 2697 831 2780 tiae
855 2693 1116 2780 Anatomicae
1131 2691 1338 2778 cultoribus
1366 2693 1629 2778 demonstrare
1646 2693 1804 2784 ludentis
1818 2713 1974 2780 naturae
1990 2698 2093 2782 datas

755 2825 966 2909 varietates.
993 2821 1041 2906 lu
1066 2823 1204 2935 primis
1226 2847 1361 2908 ueram
1376 2823 1469 2907 aelli
1493 2823 1707 2908 abdominis
1725 2825 1879 2910 musculi
1897 2828 2090 2914 mtenfio
2208 2873 2209 2878 κ

754 2960 920 3066 uem‚in
928 2955 1009 3039 aliis
1024 2954 1207 3039 muscidos
1215 2950 1453 3065 supernatus
1462 2954 1676 3066 peculiares.
1695 2949 1928 3041 Affiuuatur
1944 2954 2092 3068 insuper

752 3080 833 3170 fide
850 3085 1064 3196 dignorum
1080 3084 1307 3169 testimonio
1323 3082 1549 3170 obseruatio.
1584 3082 1683 3168 Tale
1699 3083 1789 3193 quid
1807 3087 1938 3195 potuit
1954 3087 2092 3171 uidere

753 3214 876 3296 etiam
894 3206 1097 3318 Galenus,
1116 3208 1361 3324 (dummodo
1393 3234 1526 3299 contu
1558 3212 1752 3297 Vesalium
1788 3206 1863 3327 (b)
1915 3238 2091 3325 mquam

751 3336 918 3424 humana
945 3363 1111 3449 corpora
1144 3341 1366 3427 dillncuerit.
1395 3336 1410 3457 )
1441 3342 1663 3453 culpandum
1697 3341 1763 3451 qui
1798 3340 2009 3425 uatumlem
2048 3362 2091 3426 et

748 3464 898 3578 semper
923 3468 1038 3580 ponit
1073 3469 1237 3555 nomine
1270 3470 1373 3557 hunc
1406 3472 1573 3584 palloris
1621 3472 1663 3555 in
1697 3493 1864 3581 corpore
1910 3470 2091 3559 humano

743 3594 957 3681 musculum
977 3598 1183 3709 infignem.

888 3770 945 3843 ¹(a)
971 3774 1145 3852 antropogn
1166 3778 1226 3839 Lib.
1250 3782 1289 3841 ll.
1311 3774 1380 3857 Cap.
1401 3776 1480 3843 Vlll.

884 3858 944 3930 (b)
971 3858 1037 3921 Lib.
1059 3860 1115 3920 ΙΙΙ.
1137 3858 1208 3941 cap.
1232 3860 1312 3923 v111.
1334 3876 1402 3941 pag.
1426 3878 1505 3945 ³29·

823 4037 1160 4209 Explicatio
1212 4039 1553 4208 Figurarum
1593 4038 1855 4163 Tabulae
1898 4034 1998 4161 XI.

1242 4242 1381 4358 ligur
1412 4244 1552 4329 erma.

846 4416 972 4499 Ablato
998 4451 1016 4497 a
1042 4428 1190 4503 clauicula
1217 4430 1428 4505 inscriberet
1454 4450 1471 4501 a
1495 4398 1602 4500 uerno
1626 4424 1738 4501 laterali
1752 4474 1766 4517 ,
1781 4416 2106 4506 laborandum,

750 4521 792 4600 ab
817 4528 970 4600 inferiore
990 4530 1124 4626 palloris
1147 4552 1180 4603 et
1208 4532 1370 4637 superiore
1409 4526 1584 4607 abdcnuis
1622 4549 1711 4631 parte
1723 4576 1738 4627 7
1763 4526 1946 4631 aponeurofi
1971 4518 2109 4597 musculi

755 4624 876 4729 obliqui
901 4632 1059 4729 externi,
1083 4652 1232 4732 apparent
1271 4715 1277 4731 ¹
1984 4736 2018 4793 1.
2045 4736 2092 4803 ὀ
